3174 5064
764 245 960 308 -4-

321 417 508 483 Theocritus
532 426 626 501 poeta
648 418 809 482 bucolicus
832 419 1101 501 praeclarissimus
1125 418 1324 502 antiquitatis
1348 424 1404 496 est,
1437 421 1492 503 qui

233 525 353 607 primus
377 526 499 608 podsim
524 524 702 589 bucolicum
724 524 756 586 in
780 524 920 586 ordinem
944 527 1118 586 ceterorum
1142 544 1293 605 generum
1316 525 1392 587 artis
1413 531 1490 607 poe·

232 630 314 692 ticae
339 630 463 713 redegit
486 633 517 692 et
540 629 628 692 cuius
653 629 792 692 carmina
815 628 966 703 bucolica,
992 629 1023 690 iu
1040 628 1155 709 quibus
1172 628 1405 692 conscribendis
1421 651 1491 693 om·

232 756 305 797 nem
328 756 436 798 curam
466 738 561 817 atque
591 756 720 818 operam
747 734 863 817 posuit,
893 757 912 796 a
934 733 1022 797 nullo
1054 739 1148 816 poeta
1177 734 1320 798 bucolico
1344 739 1492 816 superata

233 843 323 915 sunt,
347 844 472 920 praeter
496 839 633 924 genuina
656 839 722 902 eius
747 860 843 921 opera
864 843 1030 921 pastorum
1045 839 1143 901 vitam
1166 842 1306 902 tractant
1322 839 1492 903 subditicia

234 946 374 1009 carmina
396 951 551 1020 octavum,
587 967 714 1019 nonum,
750 944 942 1021 vicesimum,
978 944 1159 1007 vicesimum
1183 945 1372 1027 septimum;
1406 945 1491 1008 locos

234 1051 411 1132 spuriorum
435 1050 597 1113 Theocriti
627 1050 800 1113 carminum
829 1049 992 1132 quadratis
1021 1049 1111 1112 uncis
1134 1048 1257 1112 inclusi.
1305 1048 1492 1112 Theocritus

233 1154 409 1238 Vergilium
431 1156 626 1219 imitatorem
659 1155 833 1217 carminum
866 1175 995 1217 suorum
1028 1154 1150 1231 habuit,
1189 1154 1242 1237 qui
1276 1154 1343 1218 eius
1365 1154 1492 1217 laureae

233 1259 353 1322 frustra
376 1264 443 1322 erat
466 1259 704 1342 cupidissimus;
728 1280 803 1321 nam
819 1256 996 1340 Vergiliani
1011 1263 1153 1341 pastores
1178 1263 1251 1320 sunt
1267 1257 1402 1321 Romani
1417 1280 1491 1341 per·

233 1385 326 1426 sonas
348 1364 538 1446 pastoricios
563 1367 708 1448 gerentes
731 1384 833 1446 neque
857 1385 894 1425 ea
916 1363 1056 1427 sentiunt
1073 1367 1128 1426 aut
1144 1362 1295 1446 cogitant,
1322 1385 1401 1445 quae
1419 1385 1491 1427 sen-

232 1469 293 1532 tire
317 1473 412 1551 atque
435 1470 574 1552 cogitare
597 1469 702 1532 solent
724 1468 860 1531 veriores
884 1465 1045 1532 Theocriti
1068 1472 1222 1551 pastores.

320 1572 444 1656 Vergili
459 1574 558 1656 ipsius
574 1574 709 1657 vestigia
723 1578 907 1657 presserunt
923 1572 1121 1657 Calpurnius,
1146 1574 1201 1658 qui
1212 1574 1338 1657 imperii
1353 1574 1492 1638 Neronei

232 1677 324 1741 initio
358 1683 479 1761 septem
513 1680 653 1744 carmina
685 1679 829 1743 bucolica
863 1679 998 1761 scripsit,
1034 1683 1066 1742 et
1088 1678 1307 1755 Nemesianus,
1343 1681 1398 1763 qui
1421 1680 1493 1744 Cari

234 1783 362 1866 eiusque
385 1784 522 1847 filiorum
546 1789 649 1849 aetate
673 1788 823 1869 quattuor
846 1784 972 1866 eclogas
995 1784 1183 1866 composuit.

322 1887 382 1950 Bio
405 1894 437 1951 et
448 1888 607 1965 Moschus,
633 1889 794 1953 Theocriti
809 1888 979 1971 pedisequi,
1004 1911 1139 1972 quorum
1154 1889 1187 1952 in
1204 1889 1395 1954 carminibus
1411 1888 1491 1951 ieiu-

234 2015 310 2055 num
332 1996 365 2054 et
388 1992 538 2076 frigidum
562 1993 681 2076 aliquid
704 1995 796 2069 inest,
820 1993 957 2056 maxime
979 1992 1160 2076 ingeniosos
1188 1992 1276 2057 lusus
1308 1998 1340 2056 et
1368 1993 1492 2076 lepidas

234 2097 316 2161 circa
339 2118 476 2160 amorem
505 2098 695 2161 festivitates
726 2101 878 2172 tractant3
915 2097 999 2179 apud
1033 2117 1085 2159 eos
1117 2098 1216 2160 virtus
1249 2103 1280 2160 et
1309 2098 1425 2161 veritas
1448 2099 1493 2161 rei

235 2201 396 2266 bucolicae
420 2202 483 2265 iam
507 2207 685 2265 evanuerat.

324 2306 402 2371 Cum
425 2306 528 2389 poetis
553 2307 734 2390 comparavi
758 2307 927 2390 scriptores
949 2306 996 2369 rei
1017 2305 1164 2369 rusticae,
1197 2304 1313 2370 Graece
1337 2305 1493 2370 exsistunt

234 2407 428 2486 Procurrunt,
465 2411 682 2475 commentarii
706 2433 724 2473 a
747 2409 897 2474 Cassiano
920 2410 1021 2474 Basso
1055 2431 1094 2473 ex
1127 2411 1356 2495 antiquioribus
1391 2413 1428 2475 de
1459 2434 1493 2475 re

233 2515 351 2580 rustica
373 2514 580 2598 scriptoribus
596 2516 734 2591 collecti;
758 2515 868 2579 Latine
884 2515 1012 2579 Catonis
1035 2514 1115 2579 liber
1132 2517 1168 2579 de
1191 2516 1392 2599 agricultura,
1411 2516 1494 2580 Var-

234 2621 320 2684 ronis
342 2641 445 2683 rerum
468 2621 658 2685 rusticarum
680 2620 753 2683 libri
777 2625 851 2697 treS,
875 2619 1068 2685 Columellas
1090 2620 1164 2684 libri
1188 2620 1258 2684 XII.

323 3038 561 3103 Consideremus
577 3061 660 3103 nunc
682 3063 702 3122 p
716 3043 817 3102 asto
830 3061 878 3101 ru
889 3061 921 3101 m
945 3061 963 3101 a
978 3039 1081 3121 poetis
1097 3039 1248 3103 bucolicis
1264 3038 1493 3121 descriptorum

236 3146 560 3209 condicionem.

324 3457 498 3523 Genera
531 3480 734 3543 gregum,
770 3458 844 3542 qui
874 3461 1147 3539 pascuntur,
1172 3456 1361 3520 sunthaec:
1386 3459 1492 3533 boves,

236 3583 318 3640 oves,
344 3562 500 3645 capellam
526 3562 610 3644 apud
634 3559 841 3642 Calpurnium
863 3560 910 3624 Vl
931 3561 972 3624 49
996 3561 1147 3625 accedunt
1170 3583 1279 3645 equae,
1303 3563 1388 3644 apud
1411 3562 1493 3625 Ver·

237 3668 392 3754 giliumX
410 3668 448 3730 19
472 3667 556 3731 tardi
579 3666 711 3730 subulci.
759 3665 906 3729 Pastores
929 3666 1028 3750 igitur
1051 3671 1124 3730 sunt
1146 3666 1277 3731 bubulci
1301 3671 1355 3730 aut
1377 3666 1492 3750 opilio-

236 3796 291 3838 nes
316 3778 370 3838 aut
393 3773 527 3856 caprarii
541 3772 691 3836 uulso.
717 3769 920 3854 Verg.X19,
944 3771 1026 3835 unde
1047 3776 1191 3854 pastores
1215 3772 1331 3835 electos
1354 3793 1422 3835 esse
1445 3773 1493 3835 vi-

237 3880 359 3953 demus;
382 3899 457 3942 nam
480 3899 625 3940 anserum
649 3876 820 3939 aliarumve
843 3876 998 3958 pecudum
1025 3881 1169 3957 pastores
1197 3875 1285 3939 velut
1302 3874 1494 3958 χηνοβοσκοί

236 3983 286 4046 vel
309 3980 478 4065 ῐβιοβοσκοί
500 4003 656 4065 nusquam
681 3982 839 4064 leguntur.
885 3979 973 4044 Nota
995 3980 1093 4044 schol.
1111 3980 1205 4044 Bern.
1224 3981 1262 4043 ad
1275 3980 1371 4064 Verg.
1389 3980 1419 4043 X
1436 3981 1493 4044 19:

236 4089 297 4151 tria
331 4110 447 4171 genera
480 4090 646 4170 pastorum
681 4092 763 4162 sunt,
800 4107 880 4171 quae
916 4085 1102 4168 dignitatem
1125 4085 1157 4149 in
1180 4084 1338 4148 Bucolicis
1365 4085 1493 4162 habent,

237 4214 371 4276 quorum
393 4192 515 4255 minimi
538 4197 619 4267 sunt,
645 4192 699 4276 qui
722 4189 845 4251 αἰπόλοι
867 4190 1014 4254 dicuntur
1037 4213 1055 4253 a
1079 4190 1215 4267 Graecis,
1241 4189 1365 4253 anobis
1381 4212 1493 4273 capra-

237 4298 293 4373 rii;
317 4296 414 4381 paulo
437 4297 643 4373 honestiores,
668 4297 723 4380 qui
746 4293 925 4377 μηλονομοι,
951 4291 1093 4375 ποιμένες
1115 4294 1135 4356 i.
1154 4315 1180 4357 e,
1205 4294 1360 4377 opiliones
1384 4294 1494 4358 dicun·

236 4407 302 4475 tur;
326 4400 562 4464 honoratissimi
585 4405 616 4464 et
638 4400 777 4478 maximi,
803 4400 857 4483 qui
879 4397 1036 4480 βουκόλοι,
1069 4421 1147 4483 quos
1170 4398 1326 4463 bubulcos
1349 4400 1491 4463 dicimus.

323 4505 416 4572 Unde
438 4506 539 4590 igitur
560 4505 664 4589 magis
688 4506 792 4569 decuit
813 4504 965 4588 pastorali
989 4504 1118 4567 carmini
1134 4525 1250 4568 nomen
1266 4504 1385 4587 imponi
1399 4527 1494 4587 quam
