3174 5064
574 249 792 312 ..73-

53 422 244 485 invenimus:
279 423 330 486 hic
354 421 417 484 δῖον
438 421 583 506 ὑφορβόν,
613 427 668 510 qui
689 426 850 489 modestus
874 445 982 488 servus
997 427 1134 489 rusticus
1158 427 1310 509 simplici-

54 531 152 590 tatem
176 532 208 590 et
240 529 433 612 probitatem
465 553 588 594 morum
620 531 766 605 exhibet;
801 530 867 594 illic
902 532 1080 613 caprarium
1113 531 1254 594 invidum
1280 537 1311 595 et

54 634 171 709 rudem,
205 655 298 716 quem
327 636 416 698 iuvat
445 637 523 699 alios
553 636 788 700 contumeliosis
819 638 921 700 verbis
947 637 1098 720 prosequi
1122 636 1194 720 (Od.
1218 637 1312 701 XVII

54 737 117 800 215
130 735 224 822 sqq).
257 738 339 814 Quid
361 740 460 823 igitur
481 741 606 818 mirum,
632 742 718 824 quod
740 741 834 805 homo
858 741 974 804 nobilis
997 742 1125 804 tardum
1147 747 1311 825 pastorum

54 842 243 905 rusticorum
266 843 428 926 ingenium
450 845 559 909 irridet
585 844 643 908 Od.
666 844 745 908 XXI
769 846 809 908 85
832 841 934 925 νήπιοι
957 844 1135 924 ἀγροιῶται,
1160 842 1312 927 ἐφημέρια

55 943 246 1024 φρονέοντες.
291 947 363 1030 Ipse
393 949 548 1032 superbus
571 949 692 1012 Hector
728 971 851 1033 quoque
885 949 1066 1031 pastoribus
1100 950 1311 1013 rusticitatem

55 1071 179 1112 morum
201 1051 324 1114 crimini
348 1053 401 1115 dat
415 1057 574 1135 pastorem
590 1053 757 1136 increpans
774 1053 849 1116 Eur.
867 1052 961 1116 Rhes.
981 1053 1044 1116 266
1061 1048 1080 1134 ἧ
1097 1050 1188 1113 πόλλ’
1205 1051 1309 1133 ἀγρώ-

56 1172 139 1224 σταις
164 1156 261 1214 σκαιὰ
284 1153 466 1235 πρόσκειται
489 1154 584 1236 φρενί.

141 1260 248 1323 Etiam
260 1260 370 1324 Musae
393 1262 520 1344 ignaros
545 1266 576 1324 et
598 1262 701 1325 ventri
724 1261 846 1325 deditos
870 1265 1016 1345 pastores
1040 1263 1217 1345 despiciunt
1233 1262 1308 1325 Hes.

56 1363 174 1448 Theog.
201 1367 242 1428 26
274 1363 415 1446 ποιμένες
447 1365 609 1447 ἄγραυλοι,
645 1365 720 1427 κακ’
754 1363 897 1447 ἐλέγχεα,
932 1363 1082 1447 γαστέρες
1117 1366 1198 1442 οἰσν;
1234 1368 1311 1430 item

56 1468 216 1552 Theognis
240 1470 405 1552 agricolas,
441 1472 496 1555 qui
530 1471 605 1534 olim
639 1471 747 1554 legum
775 1475 919 1554 expertes
950 1477 1048 1548 erant,
1085 1472 1203 1556 quique
1225 1471 1310 1554 pelle

56 1574 185 1656 caprina
208 1576 247 1638 ab
271 1576 387 1639 umeris
414 1578 571 1660 pendente
605 1582 767 1660 tamquam
802 1577 883 1640 cervi
915 1582 1003 1640 extra
1038 1577 1149 1639 urbem
1181 1598 1311 1659 pascere
1395 1633 1396 1638 ,

56 1678 202 1743 solebant
224 1685 256 1744 et
290 1687 358 1745 tum
392 1683 568 1764 potentiam
604 1683 765 1746 consecuti
796 1687 878 1759 sunt,
914 1682 1101 1765 simpliciter
1130 1683 1250 1752 κακοὺς
1280 1685 1312 1743 et

55 1781 175 1855 δειλούς
199 1783 253 1866 (53
271 1784 364 1870 sqq).
411 1787 524 1871 Neque
558 1788 649 1851 aliter
684 1788 817 1850 Alcman
849 1787 1036 1871 popularem
1070 1786 1237 1863 Sardibus,
1273 1807 1312 1848 ex

54 1888 110 1952 illa
132 1891 303 1972 magnifica
324 1894 411 1970 urbe,
436 1897 540 1956 ortum
564 1891 724 1955 subtiliter
747 1892 914 1974 distinguit
937 1915 957 1955 a
978 1892 1069 1954 laevo
1098 1890 1239 1974 agricola
1261 1891 1311 1953 vel

55 1999 183 2075 pastore
206 1996 287 2079 frag.
314 1998 355 2060 24
379 1997 438 2058 οὐκ
461 1992 496 2078 ἧς
520 1997 598 2078 ἀνὴρ
622 1998 771 2077 ἄγροικος
803 1995 876 2057 οὐδὲ
908 1997 1018 2068 σκαιὸς
1047 1994 1119 2056 οὐδὲ
1146 1997 1232 2074 παρὰ
1256 2014 1309 2055 σο-

56 2106 154 2176 φοῖσιν
179 2097 438 2191 οὐδὲιθεσσαλὸς
461 2100 550 2183 γένος
574 2101 639 2162 οὐδ’
664 2099 863 2184 Ἐρυσιχαῖος
887 2100 959 2162 οὐδὲ
983 2098 1107 2182 ποιμήν,
1131 2098 1202 2160 ἀλλ’
1226 2096 1310 2179 Σαρ-

57 2201 128 2263 δίων
152 2203 205 2264 ἀττ’
231 2205 341 2285 ἀκρᾶν.

142 2309 180 2372 ln
203 2312 363 2375 comoedia
384 2316 548 2395 pastorum
570 2312 731 2376 rusticitas
754 2312 840 2375 haud
868 2312 972 2374 minus
1002 2311 1116 2374 diserte
1146 2311 1312 2373 denotatur

57 2414 222 2498 Aristoph.
247 2418 321 2480 nub.
336 2416 378 2480 43
400 2415 525 2499 ἥδιστος
549 2416 698 2497 ἀγροῖκος
722 2415 786 2499 βίος
810 2414 910 2500 βρύων
935 2413 1090 2496 μελίτταις
1112 2415 1167 2476 καὶ
1190 2411 1310 2498 προβά-

58 2538 119 2592 τοις
143 2519 198 2580 καί
222 2519 406 2601 στεμφύλοις
423 2521 598 2604 Strepsiadi
622 2522 759 2597 videtur3
785 2522 826 2585 50
843 2543 938 2585 senex
960 2521 1108 2584 irridetur
1124 2517 1204 2594 ὄζων
1221 2517 1311 2600 ἐρίων

56 2622 252 2704 περιουσίας;
277 2626 387 2688 deinde
410 2626 542 2708 Eupolis
566 2626 685 2702 fabula,
712 2648 792 2708 quae
816 2624 910 2704 Αἰγες
933 2625 1126 2699 inscribitur,
1151 2624 1312 2687 hominem

57 2751 126 2792 vere
155 2734 313 2812 agrestem
344 2731 490 2813 producit
520 2732 579 2794 sub
608 2752 745 2812 persona
776 2730 910 2813 caprarii
941 2730 1002 2792 feri
1025 2734 1056 2791 et
1078 2729 1232 2804 immanis,
1259 2729 1312 2810 qui

57 2856 127 2897 cum
150 2855 246 2917 grege
270 2857 327 2897 sno
350 2858 448 2918 parvo
471 2839 637 2898 contentus
660 2837 832 2898 rusticatur·
856 2834 898 2916 (2.
924 2836 953 2898 3,
980 2832 1043 2916 13).

141 2940 261 3003 Eodem
284 2941 378 3003 modo
390 2940 522 3004 Plautus
544 2941 628 3003 inter
652 2941 810 3004 hominem
832 2940 1011 3021 elegantem
1034 2945 1066 3002 et
1088 2939 1240 3001 rusticum
1264 2938 1310 3000 di-

57 3045 192 3128 stinguit
205 3044 341 3108 Mostell.
356 3047 397 3108 53
414 3046 502 3109 decet
524 3067 574 3108 me
598 3068 703 3108 amare
719 3050 751 3108 et
765 3050 797 3108 te
813 3043 1053 3119 bubulcitarier;
1078 3042 1120 3107 40
1136 3065 1204 3127 sqq.
1222 3064 1312 3106 voces

58 3148 301 3213 contumeliosas
324 3149 470 3232 legimus,
494 3155 531 3214 ut
553 3155 681 3228 stercus
707 3151 837 3214 hircum.
884 3149 1005 3213 Novius
1028 3148 1200 3213 bubulcum
1228 3153 1311 3211 tam-

57 3275 149 3336 quam
173 3252 267 3316 vilem
291 3258 323 3316 et
345 3255 504 3317 sordidum
527 3255 688 3331 artificem,
714 3255 768 3337 qui
795 3254 881 3317 omni
909 3254 1032 3316 ratione
1064 3253 1214 3317 lucellum
1243 3274 1311 3316 sec-

56 3363 150 3435 tatur,
174 3359 208 3421 in
231 3381 376 3422 scaenam
399 3360 520 3422 inducit
543 3359 663 3436 fabula,
688 3360 743 3442 qui
766 3358 928 3422 Bubulcus
953 3357 1052 3421 Cerdo
1075 3358 1267 3422 inscribitur.

143 3462 431 3526 Alexandrinorum
455 3468 558 3527 aetate
582 3485 653 3526 cum
676 3463 815 3526 moribus
838 3463 945 3545 inepte
976 3467 1008 3524 et
1035 3463 1312 3545 praetermodum

57 3567 203 3649 expolitis
227 3589 314 3630 amor·
336 3569 417 3630 ruris
439 3572 603 3651 tamquam
626 3568 708 3630 sedis
731 3569 896 3631 beatorum
911 3567 1002 3630 valde
1019 3571 1209 3643 evocaretur,
1234 3573 1311 3649 poe·
1376 3619 1378 3624 .

57 3677 107 3735 tae
130 3671 266 3735 bucolici
288 3672 489 3754 potissimum
513 3674 657 3736 homines
680 3673 840 3757 simplices
864 3676 895 3735 et
919 3672 1021 3736 cultus
1038 3676 1182 3755 expertes
1198 3671 1309 3754 depin-

58 3782 145 3859 gunt,
170 3783 205 3838 ut
226 3782 379 3858 pastores,
403 3778 586 3859 piscatores
614 3782 787 3840 venatores.

144 3880 308 3944 Naturalis
331 3886 495 3965 pastorum
517 3883 676 3946 rusticitas
701 3905 738 3945 ex
762 3881 1013 3945 cavillationibus
1038 3886 1069 3944 et
1090 3881 1216 3964 pugnis,
1241 3882 1310 3962 qui-

57 3987 115 4049 bus
138 3987 220 4049 inter
243 4008 275 4049 se
298 3987 444 4062 obruunt,
470 3990 612 4068 apparet,
642 4009 713 4049 cum
744 3986 994 4061 iidemratione,
1031 4007 1111 4070 quae
1141 3985 1224 4048 iuter
1252 4009 1311 4068 pa·

58 4096 157 4154 stores
191 4096 222 4154 et
256 4090 365 4154 Musas
394 4089 624 4175 Nymphasque
657 4090 832 4166 intercedit,
868 4091 917 4154 usi
950 4090 1138 4154 illiberalem
1172 4091 1313 4153 animum

58 4200 175 4259 exuant
198 4200 228 4258 et
251 4217 406 4259 memores
437 4196 566 4258 deorum
593 4194 643 4258 vel
672 4195 813 4272 heroum,
844 4195 898 4279 qui
924 4195 1011 4277 prius
1042 4197 1151 4259 eadem
1184 4195 1313 4278 negotia

14 4377 19 4385 1
58 4305 229 4384 gesserant,
254 4301 286 4364 in
310 4322 437 4363 auream
460 4304 597 4363 aetatem
619 4299 860 4375 transferantur,
885 4301 925 4362 ad
948 4322 1043 4382 quam
1066 4300 1199 4363 formosi
1222 4300 1313 4382 pueri

59 4406 204 4489 Daphnis
227 4411 258 4469 et
280 4405 441 4469 Menalcas
468 4406 530 4488 ipsi
552 4410 698 4489 spectant
721 4402 826 4488 ([Th.]
852 4402 953 4486 VIII).

145 4510 251 4574 Etiam
276 4509 419 4587 Romani,
444 4506 606 4594 Vergilius
631 4514 662 4572 et
685 4509 874 4592 Calpurnius
902 4510 1056 4592 inprimis,
1091 4532 1129 4573 ex
1159 4509 1312 4572 desiderio
