3174 5064
626 208 842 271 „17-

102 384 222 447 honore
246 384 352 467 aliquo
375 383 520 447 habendo
544 387 575 446 et
598 384 635 446 de
658 383 822 465 operariis,
848 383 902 464 qui
924 383 1133 465 praestabunt
1156 383 1246 460 alios,
1278 404 1363 447 com-

99 489 324 553 municandum
346 511 473 572 quoque
496 510 567 551 curn
589 488 649 562 his,
680 509 761 571 quae
784 485 930 550 facienda
962 488 1025 550 sint
1055 508 1160 570 opera,
1179 487 1286 570 quod,
1317 487 1363 550 ita

99 615 173 658 cum
196 595 241 670 fit,
266 595 378 656 minus
393 616 425 656 se
447 598 563 676 putant
586 593 704 676 despici
728 597 823 676 atque
847 592 953 675 aliquo
977 613 1107 655 numero
1130 590 1242 654 haberi
1266 614 1284 654 a
1307 593 1363 654 do-

100 700 203 774 mino;
228 699 431 762 studiosiores
456 700 495 761 ad
511 718 590 779 opus
614 697 681 761 fieri
705 697 867 760 liberalius
891 697 1056 760 tractando
1082 702 1137 759 aut
1160 697 1285 760 cibariis
1309 701 1364 760 aut

98 805 217 868 vestitu
238 803 376 886 largiore
400 807 454 866 aut
477 803 660 866 remissione
683 803 787 886 operis
803 787 1049 878 concessioneve,
1075 805 1110 863 ut
1125 801 1286 883 peculiare
1302 801 1361 864 ali-

100 911 178 993 quid
199 911 232 974 in
254 909 351 972 fundo
374 931 502 991 pascere
525 894 628 983 liceat,
653 908 783 971 huiusce
815 908 900 971 modi
932 929 1037 970 rerum
1069 906 1151 982 aliis,
1184 912 1220 969 ut
1249 907 1361 989 quibus

99 1014 179 1098 quid
201 1015 328 1097 gravius
351 1014 393 1076 sit
415 1014 606 1095 imperatum
624 1019 678 1075 aut
695 1013 947 1076 animadversum
964 1011 1028 1095 qui,
1054 1011 1242 1075 consolando
1254 1033 1362 1074 eorum

98 1119 249 1182 restituat
271 1117 466 1180 voluntatem
490 1138 527 1180 ac
555 1116 805 1180 benevolentiam
835 1117 868 1179 in
891 1116 1070 1189 dominum;
1102 1113 1179 1177 Cato
1205 1114 1234 1178 V
1258 1114 1276 1175 6
1300 1115 1360 1178 bu-

98 1220 202 1284 bulcis
225 1220 391 1303 obsequito
421 1221 547 1302 partim,
579 1241 641 1302 quo
670 1211 821 1283 libentius
855 1221 951 1283 boves
980 1224 1106 1294 curent3
1130 1219 1274 1302 Xenoph.
1299 1218 1359 1283 οἰκ.

96 1327 146 1390 IX
166 1328 203 1388 12
227 1325 370 1389 domiuus
389 1331 540 1408 quaestus
564 1325 613 1387 sui
625 1325 766 1388 villicum
788 1326 979 1408 participem
1002 1329 1033 1388 et
1050 1324 1188 1388 villicam
1209 1325 1358 1402 omnium,

98 1453 182 1514 quae
204 1431 308 1494 tristia
331 1430 381 1492 vel
404 1430 488 1493 laeta
510 1430 597 1494 facta
620 1435 702 1507 sunt,
728 1431 846 1494 sociam
869 1431 997 1494 reddere
1022 1430 1123 1493 debet.

186 1536 368 1600 Praemium
402 1535 546 1618 obsequii
574 1535 723 1618 omnibus
757 1537 853 1598 servis
886 1536 1074 1618 proponitur
1107 1535 1238 1599 libertas
1265 1560 1284 1599 a
1306 1535 1359 1598 Ps.

97 1641 233 1705 Aristot.
263 1639 397 1703 stabul
422 1642 450 1702 5.
479 1638 576 1703 1344¹³
595 1640 634 1703 15
668 1637 787 1700 δίκαιον
822 1641 882 1720 γὰρ
919 1639 972 1699 καὶ
1008 1636 1165 1720 συμφέρον
1189 1641 1244 1721 τὴν
1272 1636 1360 1701 ἐλευ-

96 1743 209 1825 θερίαν
233 1742 309 1827 (rosc
333 1741 468 1827 δούλοις)
493 1744 620 1804 κεῖσθαι
643 1742 754 1806 ἆθλον.

186 1847 274 1912 Haec
296 1848 334 1909 de
356 1852 516 1929 pastorum
541 1870 560 1909 a
584 1847 732 1910 bucolicis
763 1849 864 1929 poetis
889 1847 1016 1912 Graecis
1052 1851 1083 1911 et
1105 1847 1225 1912 Latinis
1255 1854 1286 1911 et
1314 1850 1360 1912 rei

94 1953 233 2016 rusticae
256 1950 459 2032 scriptoribus
484 1950 677 2033 depictorum
701 1951 882 2015 condicione
905 1953 1027 2035 collegi.

186 2056 505 2140 comparemus
539 2057 790 2132 nuncinterse,
826 2078 936 2139 quafe
968 2080 1018 2120 ex
1051 2058 1204 2140 poetis
1228 2079 1356 2139 quae-

94 2184 252 2247 queex
279 2161 602 2243 scriptoribus
633 2161 895 2225 didicimus.
942 2160 1032 2237 Quod
1056 2162 1095 2226 ad
1117 2168 1279 2246 pastorum
1302 2185 1357 2245 ge·

94 2291 173 2332 nera
195 2269 317 2342 attinet,
342 2290 360 2329 a
382 2268 484 2350 potitis
507 2263 697 2347 χηνοβοσκοί
719 2289 865 2330 anserum
896 2273 1037 2350 pastores
1060 2288 1216 2349 nusquam
1240 2287 1357 2330 memo-

93 2379 206 2438 rantur
229 2379 260 2437 et
283 2372 405 2436 subulci
422 2397 440 2435 a
455 2371 574 2436 Latinis
598 2375 740 2447 tantum3
764 2373 848 2454 apud
872 2373 1039 2454 scriptores
1063 2373 1130 2435 sine
1154 2372 1219 2435 ullo
1236 2373 1358 2436 delectu

94 2480 198 2543 omnis
220 2479 341 2561 pecoris
364 2482 504 2558 pastores
528 2477 693 2539 memorari
724 2477 926 2540 manifestum
953 2482 1008 2541 est.
1056 2478 1193 2560 Utrique
1228 2499 1357 2541 consen-

93 2586 181 2647 tiunt
203 2582 374 2645 bubulcum
397 2584 533 2663 primum
557 2583 639 2644 inter
662 2588 802 2664 pastores
825 2582 928 2646 locum
950 2586 1065 2645 tenere.

184 2684 274 2761 Quod
298 2685 474 2767 Vergiliani
497 2690 638 2772 pastores
662 2686 784 2747 diversa
807 2687 928 2767 pecoris
955 2669 1071 2768 genera
1101 2686 1196 2749 simul
1224 2690 1357 2768 pascunt

93 2792 252 2874 iidemque
287 2811 436 2873 agrorum
469 2810 664 2872 possessores
698 2795 779 2864 sunt,
815 2791 855 2851 ad
882 2792 1046 2853 veritatem
1082 2788 1141 2854 hoc
1169 2791 1262 2853 modo
1292 2812 1355 2853 non

93 2902 208 2980 agunt3
229 2919 305 2964 ,nam
328 2894 409 2958 nihil
432 2894 534 2957 simile
558 2918 576 2957 a
599 2894 803 2976 scriptoribus
828 2894 951 2957 dicitur.
999 2894 1078 2958 Item
1103 2899 1215 2977 poetae
1231 2894 1356 2978 fingunt

92 3007 235 3086 pastores
258 3005 407 3064 venantes
430 2999 480 3063 vel
511 3020 584 3082 apes
618 2999 755 3063 colentes
788 3000 836 3063 vel
868 2999 1076 3063 instrumenta
1099 3004 1250 3077 texentes,
1275 3021 1355 3082 quae

92 3114 200 3171 tamen
224 3105 375 3183 (sednon
399 3127 418 3166 a
439 3105 619 3188 pastoribus
650 3102 801 3187 perfecta)
827 3128 846 3168 a
870 3104 1010 3169 Varrone
1033 3104 1049 3168 I
1073 3106 1124 3181 22,
1152 3108 1168 3169 1
1200 3111 1231 3169 et
1254 3128 1272 3168 a
1295 3103 1354 3168 Oa·

92 3215 168 3274 tone
192 3231 315 3293 quoque
339 3211 377 3272 31
403 3216 693 3274 commemorantur.

182 3315 230 3377 De
264 3318 424 3397 pastorum
459 3313 641 3376 condicione
674 3313 800 3395 publica
824 3314 937 3377 docent
970 3315 1137 3396 scriptores
1169 3337 1221 3379 eos
1247 3336 1354 3379 servos

93 3421 202 3496 fuisse,
226 3441 297 3483 cum
321 3420 404 3499 apud
426 3423 534 3501 poetas
558 3440 664 3482 servos
688 3425 719 3481 et
741 3420 971 3483 mercennarios
985 3419 1030 3501 (et
1052 3440 1186 3503 gregum
1203 3422 1352 3500 dominos,

94 3525 150 3608 qui
183 3546 277 3607 pecus
312 3523 409 3587 servis
443 3524 634 3605 pascendum
667 3521 808 3605 tradunt)
833 3525 1039 3587 inveniamus.
1086 3525 1191 3588 Liberi
1212 3532 1353 3609 pastores

93 3632 218 3712 praeter
240 3628 401 3692 Theocriti
424 3628 601 3710 Cyclopem,
627 3629 681 3710 qui
694 3628 834 3711 Vergilio
858 3631 889 3691 et
914 3628 1083 3712 Calpurnio
1108 3631 1251 3711 exemplo
1275 3637 1351 3707 erat,

93 3740 124 3798 et
147 3733 292 3816 Tityrum
317 3732 401 3812 (V.l
425 3732 490 3815 27),
515 3735 569 3816 qui
593 3735 685 3797 modo
708 3733 887 3797 libertatem
911 3737 1040 3818 accepit,
1072 3736 1226 3817 expressis
1249 3735 1351 3798 verbis

93 3862 112 3902 a
127 3840 228 3922 poetis
244 3860 417 3920 numquam
433 3844 663 3913 memorantur3
688 3859 768 3920 quae
790 3839 889 3920 igitur
904 3844 1016 3922 po'e'tae
1040 3841 1179 3915 tradunt,
1203 3839 1242 3901 iis
1257 3838 1351 3903 fidem

93 3944 207 4006 addere
224 3942 390 4017 debemus3
414 3965 487 4007 narn
511 3943 593 4005 inter
616 3943 844 4004 mercennarios
859 3948 1002 4026 pastores
1019 3964 1143 4025 quoque
1160 3948 1233 4006 sunt
1246 3941 1349 4025 (Varr.

92 4071 116 4111 r.
134 4070 159 4110 r.
175 4044 191 4108 I
208 4046 258 4123 17,
277 4046 320 4128 2).
353 4045 443 4122 Quod
465 4047 644 4130 pastoribus
669 4049 828 4111 ministros
851 4049 902 4110 vel
917 4069 1031 4129 pueros
1047 4047 1097 4109 vel
1112 4069 1217 4110 servos
1234 4048 1351 4111 auxilio

92 4151 214 4215 additos
237 4173 304 4213 esse
326 4155 435 4233 poetae
459 4153 577 4228 dicunt,
611 4175 681 4214 cum
709 4151 925 4232 scriptoribus,
960 4152 1014 4233 qui
1047 4149 1131 4213 idem
1165 4158 1349 4227 memorant,

91 4257 297 4319 consentiunt.

179 4357 255 4434 Quis
279 4361 416 4442 pastorio
439 4383 565 4424 munere
587 4361 752 4443 fungitur?
788 4359 884 4444 Apud
907 4366 1017 4444 po'e‘tas
1041 4366 1073 4424 et
1095 4383 1184 4424 senes
1208 4367 1238 4423 et
1261 4363 1347 4424 iure-

90 4487 145 4528 nes
168 4470 199 4528 et
220 4466 327 4548 pueri3
352 4466 434 4548 apud
457 4467 622 4548 scriptores
645 4468 748 4528 aetate
772 4467 946 4549 superiores
979 4461 1018 4528 ad
1048 4467 1182 4530 maiores
1204 4468 1348 4548 pecudes,
