3174 5064
683 229 900 293 ,72-

164 407 275 490 paucis
299 407 478 470 nominibus
502 411 610 469 notam
636 405 774 489 aliquam
798 405 911 468 afferre
932 405 1067 488 possim3
1094 405 1178 469 velut
1201 406 1329 470 Damon
1353 406 1420 490 qni·

166 513 239 575 dam
264 508 503 595 (Dittenberger
526 512 599 588 461,
617 509 650 592 3)
674 517 868 574 memoratur
899 508 1127 591 ἀπελεύθερος
1159 510 1239 593 Syra
1269 512 1421 596 quaedam

166 614 321 696 (Dittenh.
346 618 420 694 433,
437 615 493 699 32)
517 614 703 695 deputanda.
750 615 862 698 Neque
886 615 1037 698 inspectis
1059 617 1301 699 inscriptionum
1325 616 1420 680 Grae·

165 741 273 783 carum
307 721 489 802 corporibus
519 718 618 783 ullam
646 725 755 783 notam
778 720 891 782 addere
918 741 1057 802 possum.
1104 719 1201 804 Apud
1224 721 1421 785 Bechtelinm

168 822 230 904 (die
254 823 410 887 attischen
425 821 678 904 Franennarnen)
696 822 831 899 Neaera,
849 822 968 901 Petale,
986 824 1110 906 Phyllis
1126 825 1305 888 meretrices
1321 826 1419 888 nomi·

164 931 295 1001 nantur3
320 911 456 1009 Alcippe
480 928 564 1010 apud
588 927 682 990 Hom.
708 926 766 990 Od.
791 923 836 989 IV
856 926 918 989 124
940 950 1030 991 serva
1054 928 1195 992 Helenae
1219 934 1275 992 est.

253 1030 416 1094 Permulta
438 1033 599 1095 nominum
617 1032 832 1096 bucolicorum
848 1032 987 1117 aliquam
1003 1056 1209 1116 personarum
1227 1035 1421 1117 depictarum

164 1136 360 1200 notationem
392 1139 561 1219 praebent:
595 1137 696 1219 Tityri
728 1158 840 1200 nomen
863 1160 882 1200 a
905 1159 1000 1221 capro
1028 1140 1157 1202 ductum
1188 1141 1332 1222 caprario
1361 1141 1419 1202 im-

164 1242 306 1324 ponitur;
341 1239 473 1304 Laconis
503 1264 618 1305 nomen
647 1264 718 1306 cum
749 1243 843 1305 verbo
866 1240 972 1302 λακὲω
1005 1243 1152 1307 cohaeret
1181 1248 1213 1306 et
1236 1249 1331 1327 poeta
1353 1245 1420 1327 ipso

164 1347 291 1410 nomine
315 1344 485 1409 clamosam
509 1352 540 1410 et
562 1369 635 1410 vere
658 1348 803 1412 caninam
825 1350 963 1429 pastoris
987 1348 1125 1413 indolem
1154 1351 1232 1413 satis
1266 1372 1420 1434 superque

164 1451 339 1533 significat;
358 1451 470 1533 Aegon
486 1473 550 1514 non
566 1449 713 1533 capellas,
737 1456 774 1514 ut
789 1453 907 1529 credas,
924 1454 979 1516 sed
995 1455 1090 1517 boves
1106 1455 1210 1537 pascit
1225 1453 1297 1535 (Th.
1315 1453 1362 1517 IV
1374 1453 1418 1535 1);

164 1556 305 1638 Lycidas,
330 1556 443 1639 lycon,
467 1556 606 1639 Lycoris,
631 1557 802 1641 Lycopeus,
831 1557 973 1639 Lycotas,
1003 1559 1155 1642 Lycopas,
1187 1561 1266 1624 haec
1293 1561 1420 1624 nomina

165 1661 205 1724 ad
226 1665 391 1744 pastorum
413 1662 583 1738 inimicum,
617 1659 713 1722 λύκον
738 1663 816 1739 dic0,
846 1665 1019 1745 pertinent3
1046 1665 1153 1728 Erotis
1175 1688 1290 1729 nomen
1313 1690 1332 1730 a
1354 1689 1418 1729 mc·

164 1766 313 1829 retricum
336 1767 403 1829 vita
426 1767 555 1829 ductum
577 1768 734 1831 meretrici
756 1769 921 1843 tribuitnr3
946 1768 1091 1833 Crocales
1114 1792 1230 1834 nomen
1245 1795 1263 1834 a
1276 1769 1418 1852 κροκάλη

166 1872 342 1935 derivatum
364 1870 490 1954 puellae
515 1873 615 1950 datur,
640 1894 721 1957 qnae
744 1873 852 1937 siliceo
876 1874 966 1937 corde
990 1878 1038 1937 est
1062 1872 1163 1957 (Calp.
1188 1872 1306 1956 1152):
1332 1877 1418 1958 Myr-

164 1980 216 2039 tus
239 1999 353 2040 nomen
377 1999 446 2040 cum
472 1975 574 2057 μύρτῳ
599 1977 770 2041 cohaerens
799 1983 949 2040 venustae
972 1978 1097 2061 puellae
1128 1984 1191 2054 est3
1224 1979 1359 2043 Glauces
1390 1985 1420 2042 et

164 2080 281 2148 Leucas
304 2082 430 2144 nomina
452 2082 515 2144 oris
539 2082 674 2145 colorem
699 2081 886 2164 significant.
933 2082 1099 2165 Propriam
1130 2084 1293 2147 nominum
1323 2085 1420 2168 signi·

163 2187 343 2250 ficationem
367 2185 549 2268 quotidiano
573 2209 632 2248 usu
655 2187 771 2248 sensim
795 2187 943 2250 detritam
967 2209 1035 2250 esse
1058 2192 1303 2251 consentaneum
1319 2193 1376 2253 est.

251 2291 287 2354 In
322 2290 501 2354 universum
535 2291 663 2354 nomina
696 2290 842 2354 bucolica
876 2293 1047 2355 aestimans
1080 2293 1240 2355 rarissime
1276 2291 1419 2376 (excepto

164 2396 282 2460 Bucaei
304 2396 443 2476 nomine)
467 2397 591 2459 invenio
613 2396 776 2459 vocabulis
798 2396 885 2459 velut
901 2395 973 2476 βοῦς
989 2397 1131 2480 aliisque,
1156 2418 1238 2480 quae
1261 2400 1301 2461 ad
1323 2401 1420 2463 vitam

163 2501 312 2563 rusticam
338 2505 369 2562 et
391 2501 586 2582 pastoralem
607 2500 749 2575 tendunt,
775 2522 811 2562 ea
835 2502 1011 2584 composita
1034 2524 1111 2578 esse,
1144 2504 1177 2566 id
1207 2506 1291 2587 quod
1315 2504 1420 2568 condi-

165 2605 246 2668 cioni
271 2604 461 2668 Graecarum
484 2609 552 2667 tum
575 2625 681 2667 rerum
703 2605 872 2686 respondet
895 2603 962 2686 (cfr.
977 2605 1179 2670 Burckhardt
1201 2608 1319 2690 griech.
1339 2608 1419 2672 Kul-

164 2709 323 2792 turgesch.
349 2706 411 2772 IV³
437 2709 498 2772 130
521 2706 592 2792 sq).

252 2813 395 2877 Secundo
419 2814 669 2895 complectamur,
702 2837 830 2897 quarn
859 2817 1179 2880 condicionem
1203 2823 1420 2900 pastores

165 2919 328 2982 Graeci
353 2923 394 2981 et
418 2919 606 2981 Romani
628 2903 1098 3001 temporumdecursu
1128 2922 1420 2989 obtinuerint?

252 3022 398 3086 Summus
432 3024 547 3104 gradus
581 3023 737 3086 humanae
760 3025 844 3087 vitae
878 3029 946 3088 erat
977 3025 1141 3102 naturaliS,
1178 3048 1247 3090 cum
1279 3029 1421 3093 viverent

165 3129 309 3192 homines
333 3149 371 3189 ex
393 3127 432 3188 iis
455 3128 558 3204 rebus,
584 3149 662 3210 quas
685 3128 838 3191 inviolata
860 3129 944 3191 ultro
967 3129 1090 3193 ferebat
1119 3135 1212 3205 terra,
1246 3154 1318 3196 cum
1347 3157 1421 3199 rura

164 3232 303 3295 colerent
325 3253 427 3314 neque
459 3232 570 3294 urbem
593 3231 754 3309 haberent,
789 3233 843 3295 sed
874 3234 907 3296 in
939 3235 1018 3297 casis
1045 3238 1077 3298 et
1105 3237 1243 3319 tuguriis
1276 3238 1421 3323 dissipati

163 3336 230 3398 sine
253 3335 318 3397 ullo
343 3334 451 3398 stabili
474 3339 528 3398 aut
551 3336 725 3419 composito
750 3337 932 3400 commercio
956 3338 1137 3403 habitarent
1161 3338 1264 3420 (Varr.
1290 3365 1314 3406 r.
1339 3367 1364 3406 r.
1389 3344 1421 3408 ll

167 3442 192 3516 1,
210 3441 240 3503 4.
265 3439 313 3502 nr
337 3440 411 3516 1,1.
437 3438 480 3521 2).

252 3545 355 3608 Huius
380 3545 517 3608 feritatis
541 3567 722 3629 expressam
744 3547 915 3630 imaginem
931 3549 1072 3611 videmus
1096 3550 1128 3612 in
1144 3550 1334 3634 Polyphemi
1346 3576 1419 3636 per-

163 3671 249 3726 sona,
282 3649 336 3733 qui
365 3650 399 3711 in
430 3654 520 3712 antro
550 3649 697 3713 habitans
730 3652 910 3734 pecuariam
940 3652 1014 3715 fecit
1044 3654 1194 3736 cuiusque
1218 3677 1256 3718 ex
1278 3657 1420 3720 moribus

162 3759 305 3837 pastores
328 3754 412 3817 feros
436 3759 639 3838 agrestesque
663 3755 759 3818 fuisse
783 3756 977 3839 colligimus3
1002 3759 1131 3834 accedit,
1157 3761 1241 3841 quod
1263 3760 1365 3825 Varro
1389 3761 1421 3825 ll

165 3859 193 3937 1,
210 3859 230 3920 4
253 3859 350 3921 tradit
372 3863 515 3941 pastores
531 3882 547 3921 e
563 3861 639 3923 feris
655 3866 690 3923 ut
707 3862 870 3925 arboribus
894 3885 931 3924 ac
947 3862 1095 3946 virgultis
1112 3865 1307 3947 decarpendo
1324 3866 1418 3949 glan-

163 3964 243 4040 dem,
270 3966 425 4042 arbutum,
451 3985 547 4041 mora,
571 3988 666 4048 poma
689 3966 855 4049 collegisse
885 3968 923 4030 ad
953 3990 1053 4046 usunr,
1085 3970 1130 4032 sic
1160 3990 1198 4032 ex
1230 3970 1420 4036 animalibus

162 4072 294 4151 propter
317 4070 447 4132 eandem
476 4068 657 4144 utilitatem,
687 4093 766 4152 quae
796 4076 935 4153 possent,
967 4072 1123 4135 silvestria
1155 4075 1355 4157 deprendisse
1384 4099 1420 4140 ac

164 4172 353 4237 conclusisse
376 4176 408 4235 et
429 4174 660 4247 mansuevisse3
686 4175 726 4236 ad
748 4174 852 4237 cibum
875 4175 956 4238 lacte
973 4181 1004 4239 et
1020 4199 1144 4240 caseum
1168 4177 1354 4257 adhibitum,
1380 4182 1420 4244 ad

164 4298 278 4360 corpus
300 4278 448 4341 vestitum
473 4283 504 4340 et
525 4276 626 4360 pelles
650 4279 804 4341 attulisse.

251 4382 321 4445 Hac
344 4383 471 4445 feritate
493 4387 588 4446 exuta
611 4383 651 4446 ad
673 4384 792 4446 cultum
815 4383 1107 4470 humanitatemque
1133 4388 1335 4452 informatam
1358 4413 1417 4473 pa-

164 4487 519 4586 storum3pondicipnern
543 4507 712 4571 eorumque
735 4511 853 4571 genera
880 4490 943 4552 iam
977 4491 1109 4554 discreta
1138 4493 1223 4574 apud
1245 4493 1419 4559 Homerum
