3174 5064
692 235 909 342 “4⁹ss

169 410 335 493 τηλέφτλον
358 413 461 475 vocati
484 414 678 476 intueamur:
711 432 813 493 neque
845 430 917 473 vero
941 413 988 473 est
1010 407 1097 472 floris
1121 430 1234 472 nomen
1257 407 1429 491 proprium,

169 518 224 582 sed
248 540 287 580 ex
309 537 369 580 usu
392 518 491 599 petita
514 516 695 598 appellatio,
719 516 947 598 praesagientis
970 515 1090 578 scilicet
1113 516 1151 577 de
1177 513 1239 577 fide
1262 513 1312 576 vel
1334 511 1430 594 perfi-

170 626 222 688 dia
244 623 384 687 absentis
407 620 541 704 puellae.
587 620 747 684 rl'heocriti
770 620 959 684 scholiastae
984 620 1038 685 alii
1065 620 1232 703 papaveris
1247 619 1357 682 folium
1381 619 1430 681 in-

169 728 334 811 tellegunt,
359 728 442 810 quod
469 728 576 790 manui
606 726 751 789 sinistrae
780 726 962 808 impositum
994 725 1094 789 altera
1123 746 1220 788 manu
1248 745 1431 807 percussum

170 855 282 897 sonum
316 832 481 897 fatidicum
511 832 592 909 edat,
624 831 679 894 alii
708 831 802 894 aliam
835 830 902 894 sine
924 832 1049 894 nomine
1073 829 1203 893 herbam
1227 829 1344 906 dicunt,
1368 851 1432 911 qua

169 960 276 1003 umero
298 936 349 1001 vel
372 935 519 1001 bracchio
542 937 690 1017 imposita
713 936 882 999 videndum
905 935 955 1010 sit,
980 935 1122 998 levemne
1145 935 1292 997 ruborem
1312 933 1431 998 efficiat

170 1067 208 1107 an
232 1043 361 1127 gravius
383 1043 482 1106 ulcus.
527 1039 735 1125 Amaryllidis
765 1045 886 1104 amator
909 1040 1065 1122 quaesivit
1096 1039 1205 1103 folium
1237 1039 1428 1121 decerptum,

170 1171 245 1211 num
268 1148 301 1209 in
325 1145 413 1209 molli
436 1142 576 1220 bracchii
599 1150 688 1226 parte
710 1145 849 1226 positum
873 1145 1023 1226 vigorem,
1047 1143 1194 1218 colorem,
1219 1164 1325 1206 sucum
1342 1146 1430 1206 tene·

170 1257 216 1315 ret
238 1274 278 1315 an
304 1271 462 1333 exsangue
485 1253 517 1313 et
540 1250 663 1313 aridum
686 1249 826 1313 caderet:
851 1249 985 1312 alterum
1007 1248 1154 1332 vigentis,
1187 1248 1321 1312 alterum
1345 1270 1429 1312 mar·

170 1358 320 1421 sescentis
343 1356 457 1419 amoris
481 1375 548 1419 esse
571 1354 697 1437 signum
721 1360 808 1418 ratus
824 1354 883 1418 Th.
901 1351 950 1417 ΙΙΙ
966 1354 1024 1429 29;
1056 1353 1152 1417 simili
1176 1353 1298 1417 ratione
1319 1354 1429 1418 etiam·

170 1482 251 1525 nunc
272 1482 330 1524 nos
354 1459 634 1543 chrysanthemum
661 1459 857 1524 adhibemus.

256 1564 348 1643 Quod
371 1567 410 1629 ad
433 1563 590 1628 fascinum
613 1563 770 1648 βάσκανον
793 1567 916 1640 attinet,
941 1563 1106 1627 minitatur
1129 1564 1189 1645 ipsi
1207 1565 1310 1645 pecori
1326 1564 1364 1628 V.
1381 1559 1431 1626 ΙΙΙ

172 1672 232 1737 103
257 1669 375 1754 (nescio
397 1672 468 1753 quis
490 1676 614 1734 teneros
637 1670 745 1733 oculus
769 1668 847 1732 mihi
869 1667 1006 1734 fascinat
1029 1667 1152 1752 agnos),
1192 1665 1293 1732 Gratt.
1312 1689 1427 1752 cyneg.

170 1777 249 1852 4013
274 1778 357 1860 quod
381 1776 552 1839 studebant
575 1778 694 1839 veteres
717 1775 798 1838 tueri
822 1777 938 1856 partim
960 1773 1094 1856 piaculis
1116 1770 1237 1855 (votum
1253 1793 1310 1855 pro
1327 1771 1429 1836 bubus

170 1881 245 1948 Cato
269 1882 323 1961 83)
347 1883 462 1964 partim
486 1881 586 1964 signis
609 1878 757 1954 tutiferis‚
783 1877 901 1943 Graece
923 1878 1123 1961 περιάμματα
1146 1879 1275 1953 vocatis,
1307 1900 1370 1961 qua
1396 1879 1429 1941 in

169 2011 198 2051 re
233 1986 434 2051 versicolores
467 1983 514 2047 fili
547 1985 737 2068 permultum
772 1985 878 2047 valent
901 1982 989 2066 Calp.
1014 1984 1062 2048 VI
1085 1983 1126 2046 43
1157 1983 1299 2067 (monilia
1333 1984 1429 2047 rutilo

169 2090 305 2176 torque).

254 2196 404 2280 Inprimis
427 2196 551 2260 vetulae
566 2193 711 2258 omnibus
726 2192 920 2279 temporibus
936 2196 968 2258 iu
985 2194 1169 2259 fascinando
1189 2193 1306 2275 primas
1322 2198 1428 2275 partes

169 2307 269 2388 agunt
292 2301 351 2365 Th.
376 2299 479 2365 11131
499 2297 649 2382 (arpalo
665 2297 925 2383 accusaturum).
950 2298 1053 2364 V140
1071 2298 1104 2382 (ἡ
1123 2297 1216 2380 γραία
1232 2294 1426 2380 Κοτυταρίς).

168 2405 307 2472 1711126
332 2405 440 2489 (γραῖα
463 2404 598 2488 παρείη).
626 2404 709 2469 Plut.
733 2405 771 2469 de
794 2411 926 2487 superse.
945 2402 998 2469 VI.
1023 2403 1174 2468 Philostr.
1198 2404 1232 2467 in
1247 2400 1354 2485 Apoll.
1372 2402 1427 2465 vit.

168 2510 213 2576 VI
238 2512 288 2586 11,
306 2509 369 2573 248
392 2518 486 2591 γρᾶες
516 2507 688 2592 ἀνημμένοι
722 2506 855 2570 κόσκινα
886 2515 1031 2589 φοιτῶσιν
1065 2508 1115 2569 ἐπὶ
1144 2504 1292 2589 ποιμένας
1319 2505 1369 2567 ὅτε
1393 2504 1428 2566 δέ

167 2616 219 2677 καί
253 2612 442 2699 βουκολουςς
479 2615 637 2677 universos
665 2618 804 2694 pastores
837 2611 1057 2695 agricolaeque
1089 2612 1326 2695 superstitiosos
1361 2632 1428 2673 esse

166 2723 300 2784 testatur
317 2718 378 2782 Dio
393 2716 554 2800 Chrysost.
579 2715 594 2779 l
618 2739 648 2800 p.
676 2719 715 2781 12
740 2718 821 2798 ἔχειν
838 2719 988 2796 μαντικὴν
1012 2717 1049 2776 ἐκ
1073 2714 1201 2799 Μητρὸς
1224 2715 1309 2777 θεῶν
1338 2713 1427 2776 δεδο-

168 2823 270 2907 μένην,
294 2823 434 2905 χρῆσθαι
458 2822 491 2884 δὲ
515 2823 594 2905 αῦτη
617 2821 689 2892 τούς
721 2843 754 2882 τε
784 2820 896 2903 νομέας
924 2820 1042 2892 πάντας
1075 2821 1129 2882 καὶ
1159 2821 1319 2903 γεωργοὺς
1348 2818 1426 2900 ὑπέρ

166 2935 295 3009 καρπῶν
319 2928 373 2989 καὶ
396 2926 604 3011 βοσκημάτων
627 2924 779 3004 γενέσεως
802 2927 854 2988 καί
878 2924 1041 3009 σωτηρίας.

252 3030 303 3097 Ad
338 3037 499 3096 externam
534 3031 745 3096 calamitatem
775 3029 1042 3095 averruncandam
1075 3036 1221 3114 pastores
1256 3030 1288 3092 in
1322 3031 1426 3093 sinum

165 3142 283 3218 spuunt
306 3136 347 3209 εἰς
377 3135 496 3197 κόλπον
529 3135 643 3212 πτύειν,
675 3134 854 3215 sesostres
877 3133 936 3198 Th.
955 3135 1002 3199 Vl
1018 3135 1069 3198 39.
1094 3133 1249 3211 111127,
1285 3135 1317 3197 id
1341 3132 1425 3217 quod

164 3241 291 3305 vetulae
314 3241 426 3304 docent
449 3239 508 3303 Th.
533 3237 643 3302 Vlla.
674 3240 704 3302 Is
728 3242 782 3322 qui
806 3238 1073 3322 pulchritudinem
1100 3259 1189 3302 suam
1213 3260 1424 3322 magnacum

164 3346 327 3427 voluptate
350 3346 491 3421 miratur,
515 3365 553 3406 ne
577 3342 759 3406 deformitas
781 3345 969 3419 incantetur,
994 3349 1041 3406 ter
1064 3343 1097 3405 in
1120 3343 1225 3407 sinum
1257 3343 1342 3426 spuit
1364 3340 1423 3405 Th.

164 3447 212 3512 VI
227 3449 279 3512 39.
306 3447 397 3533 [XX]
424 3449 474 3524 11,
499 3454 534 3512 π1
557 3445 702 3512 Nemesis
724 3449 868 3531 placetur
890 3470 919 3511 ν.
944 3448 1041 3512 schol.
1065 3449 1105 3511 ad
1130 3447 1189 3512 Th.
1215 3445 1323 3511 V139
1354 3469 1423 3509 acc-

163 3561 232 3614 οῦσι
255 3555 316 3634 γὰρ
340 3554 394 3613 καὶ
418 3550 509 3634 μέχρι
532 3560 586 3613 τοῦ
609 3561 662 3612 νῦν
685 3552 820 3633 μάλιστα
843 3559 935 3614 τοῦτο
969 3551 1001 3613 αἱ
1023 3562 1170 3633 γυναῖκες
1195 3555 1229 3613 τὸ
1256 3555 1423 3636 νεμεσητὸν

163 3658 409 3740 έκτρεπόμεναις
434 3656 504 3722 Tib.
529 3656 545 3718 I
568 3659 597 3734 2,
622 3658 673 3721 53.
700 3658 741 3721 54
764 3656 843 3721 haec
874 3657 953 3721 mihi
986 3660 1163 3742 composuit
1198 3663 1319 3734 cantus,
1353 3658 1424 3740 quis

162 3763 276 3826 fallere
298 3783 404 3844 posses
429 3760 501 3844 lter
523 3783 608 3838 cane,
640 3765 688 3824 ter
712 3763 803 3825 dictis
827 3761 942 3845 despue
966 3763 1177 3838 carminibus3
1217 3784 1279 3844 quo
1302 3762 1423 3826 factum

162 3873 219 3944 est,
243 3871 288 3944 ut,
314 3888 376 3950 quo
399 3868 501 3950 magis
524 3866 718 3930 effascinatio
740 3865 928 3942 firmaretur,
953 3867 1097 3931 omnibus
1121 3868 1257 3949 peractis
1274 3866 1421 3929 carmini-

163 3971 222 4034 bus
245 3992 313 4035 mos
343 3976 392 4034 ter
421 3971 552 4052 spuendi
585 3970 748 4033 exsisteret
771 3968 840 4033 Tib.
862 3971 878 4033 l
902 3972 930 4048 2,
949 3970 991 4032 54
1016 3971 1077 4055 (ter
1101 3972 1192 4034 dictis
1216 3972 1332 4052 despue
1355 3992 1422 4034 car-

162 4073 325 4158 minibus).
350 4074 445 4138 schol.
472 4076 511 4138 ad
535 4072 594 4137 Th.
618 4073 680 4138 Vll
707 4075 766 4136 126
791 4073 921 4136 εἰώθασι
934 4075 959 4136 δ’
978 4074 1009 4136 αἱ
1025 4084 1139 4158 γραῖαν,
1165 4076 1239 4136 ὅταν
1256 4074 1421 4158 ἐπᾴδωστν,

163 4177 323 4258 ἐμπτύειν;
348 4179 438 4242 Varr.
462 4202 487 4241 r.
510 4201 535 4241 r.
562 4177 576 4239 Ι
600 4179 629 4256 2,
647 4179 687 4241 27
712 4200 771 4262 ego
794 4180 842 4242 tui
865 4181 993 4243 memini
1023 4181 1146 4243 medere
1178 4179 1256 4243 meis
1289 4180 1421 4263 pedibus

166 4287 267 4360 „terra
290 4287 409 4365 pestem
433 4288 548 4359 tenet0‚
584 4283 669 4346 salus
701 4281 753 4347 hic
776 4289 901 4347 maneto
928 4285 959 4346 in
983 4285 1060 4347 meis
1083 4283 1256 4368 pedibus“;
1292 4284 1352 4348 hoc
1374 4288 1421 4347 ter

161 4389 291 4451 noviens
313 4394 441 4453 eantare
463 4389 560 4466 iubet,
584 4395 702 4453 terram
725 4394 863 4472 tangere,
888 4390 1048 4472 despuere,
1073 4391 1216 4454 ieiunum
1240 4394 1376 4454 cantare.

251 4490 338 4568 Quae
361 4494 444 4576 apud
467 4494 512 4556 rei
535 4496 669 4558 rusticae
692 4496 857 4578 scriptores
879 4515 995 4576 genera
1018 4494 1249 4576 superstitionis
1284 4498 1421 4574 exstant,

1190 4602 1210 4663 4
