3174 5064
583 79 798 141 ..75-

149 251 244 335 Apud
269 253 472 317 Theocritum
494 256 636 336 pastores
666 253 699 316 in
722 253 820 317 antris
844 251 1000 326 habitant,
1034 252 1119 333 apud
1142 250 1319 332 Vergilium

63 359 191 442 eiusque
214 358 403 442 pedisequos
427 359 569 422 aedificia
582 360 725 443 quamvis
749 359 865 441 exigua
889 361 1051 420 antrorum
1074 356 1178 419 locum
1201 360 1318 420 tenent.

64 465 109 528 De
133 465 352 528 familiaritate
377 466 496 539 deinde,
522 487 601 548 quae
624 465 707 528 inter
729 468 873 547 pastores
897 467 928 525 et
951 484 1064 546 greges
1089 484 1195 525 eorum
1220 462 1318 524 inter-

63 571 151 646 cedit,
176 574 290 652 po'e‘tae
314 591 422 633 omnes
445 571 561 645 dicunt,
585 569 660 632 item
684 591 779 652 saepe
803 568 951 632 animalia
973 567 1154 630 nominibus
1170 570 1225 628 aut
1248 587 1319 628 vere

64 675 198 758 propriis
222 680 276 738 aut
292 698 311 739 a
328 675 467 757 corporis
491 674 680 757 quibusdam
703 675 787 737 notis
811 674 912 736 ductis
937 671 1099 754 appellata
1123 672 1240 745 fuisse3
1266 671 1319 734 de-

63 779 133 843 inde
156 800 276 842 morem
300 778 493 862 pastoralem
516 779 640 842 rediens
663 800 792 861 vespere
809 779 848 840 ad
872 776 998 841 stabula
1010 798 1106 858 pecus
1123 775 1318 838 numerandi.

149 881 268 957 Quodsi
300 883 487 967 quaerimus,
524 883 598 965 quid
631 887 796 966 praeterea
829 884 942 963 poetae
969 884 1145 943 memorent
1175 884 1319 962 pastores

63 985 212 1068 temporis
237 985 370 1050 fallendi
392 1008 487 1050 causa
508 987 541 1050 in
563 987 689 1069 pascuis
713 990 744 1049 et
767 985 901 1049 saltibus
930 986 1041 1067 egisse,
1072 989 1126 1047 aut
1157 1005 1233 1047 vasa
1264 1007 1318 1046 ru-

64 1092 140 1154 stica
163 1093 314 1155 texebant
346 1097 401 1155 aut
431 1092 513 1155 inter
535 1113 568 1154 se
600 1091 862 1174 colloquebantur
895 1094 949 1152 aut
981 1088 1121 1174 carmina
1153 1089 1317 1165 canebant,

63 1219 195 1279 quorum
218 1197 423 1261 incitamenta
445 1201 555 1260 mutua
579 1197 708 1260 dicteria
731 1201 762 1259 et
785 1195 1002 1258 cavillationes
1026 1215 1095 1257 esse
1119 1192 1230 1256 solent.

147 1303 317 1365 Pastorum
340 1303 514 1366 sententiae
538 1307 568 1365 et
590 1303 759 1385 proverbia
781 1303 859 1365 satis
882 1301 1008 1375 rustica,
1043 1299 1200 1383 imagines
1233 1321 1318 1362 com-

61 1407 306 1490 parationesque
329 1407 498 1471 maximam
521 1412 645 1491 partem
670 1429 686 1470 e
709 1407 774 1469 vita
796 1406 915 1488 agresti
938 1405 1143 1487 depromptae
1167 1409 1249 1467 sunt.

149 1510 398 1594 Superstitiones
420 1517 584 1596 pastorum
607 1512 705 1574 vitam
733 1511 891 1594 plebeiam
917 1509 1060 1573 redolent
1094 1513 1220 1591 praeter
1254 1531 1316 1584 eae,

62 1638 141 1699 quae
165 1617 205 1680 ad
235 1638 302 1679 rem
331 1616 490 1701 magicam
513 1615 670 1699 (inprimis
695 1616 898 1689 amatoriam3
930 1636 1018 1678 amor
1046 1615 1129 1678 enim
1161 1614 1317 1678 formoso-

60 1745 130 1786 rum
162 1745 333 1806 puerorum
355 1723 405 1786 vel
437 1723 615 1806 puellarum
649 1722 831 1806 pastoribus
864 1744 1016 1805 magnum
1050 1721 1318 1786 oblectamentum

60 1827 119 1910 est)
145 1829 314 1912 pertinent.
350 1828 396 1894 Ut
418 1830 543 1912 pedum,
567 1829 613 1891 ita
635 1827 776 1892 fistulam
799 1832 943 1910 pastores
967 1848 1091 1910 semper
1114 1847 1221 1889 secum
1243 1847 1318 1909 por·-

58 1936 130 1996 tant
154 1933 333 2016 disparibus
357 1934 486 1997 calamis
510 1955 582 1996 cera
605 1934 796 2016 compactis;
828 1932 878 1994 his
901 1931 1095 1994 silvestribus
1120 1931 1226 1994 avenis
1249 1952 1317 1993 oar-

58 2038 146 2100 mina
169 2037 362 2100 meditantur
383 2037 433 2101 vel
458 2059 579 2101 amores
602 2059 675 2101 suos
691 2041 722 2100 et
738 2036 882 2120 querelas
897 2036 947 2099 vel
963 2037 1072 2099 laudes
1088 2035 1220 2099 heroum
1237 2036 1317 2099 alio-

56 2163 167 2205 rumve
190 2141 349 2206 clarorum
371 2143 509 2206 virorum
532 2143 765 2225 praedicantem
789 2164 863 2204 nam
885 2140 1011 2205 fistulae
1034 2140 1191 2204 inflandae
1216 2145 1317 2203 artem

56 2246 132 2329 plus
155 2246 206 2310 vel
231 2248 334 2311 minus
356 2249 528 2331 perfectam
553 2269 660 2312 omnes
681 2252 825 2330 pastores
848 2246 975 2311 habent.

148 2350 299 2414 Pastores
322 2352 512 2415 carminibus
536 2352 601 2414 suis
622 2352 787 2424 interdum¹
813 2350 1027 2414 celebritatem
1053 2351 1210 2434 quandam
1233 2351 1319 2413 nacti

58 2476 106 2532 ea,
131 2478 213 2540 quae
237 2457 381 2520 meditati
403 2461 477 2519 sunt
500 2458 641 2519 carmina
664 2457 812 2519 arborum
837 2456 945 2518 cortici
961 2456 1103 2518 incidunt
1120 2453 1192 2536 (Th.
1209 2454 1318 2518 XVIII

58 2561 102 2623 47
120 2582 187 2644 sqq.
212 2561 253 2625 V.
277 2560 375 2625 V13.
400 2561 430 2624 X
453 2561 504 2624 53.
529 2559 617 2643 Calp.
642 2560 657 2623 l
681 2559 821 2645 20sqq.)

147 2665 248 2729 Iidem
278 2670 421 2749 pastores
449 2666 648 2729 venationem
677 2670 823 2728 exercent
852 2666 936 2748 apud
960 2664 1163 2739 Theocritum
1187 2669 1219 2727 et
1241 2665 1318 2738 Ver·

63 2769 184 2852 gilium.

149 2875 201 2939 Ad
233 2876 456 2941 illustrandam
489 2880 654 2959 pastorum
675 2877 773 2939 vitam
806 2899 909 2959 pauca
943 2876 1085 2938 addenda
1119 2880 1201 2953 sunt,
1238 2897 1318 2958 quae

64 2983 214 3066 cuiusque
237 2987 350 3065 poetae
372 2982 502 3066 propria
525 2985 607 3045 sunt.

150 3086 246 3171 Apud
268 3087 447 3170 Vergilium
478 3091 622 3170 pastores
650 3089 745 3151 etiam
769 3109 869 3169 agros,
906 3087 1024 3159 hortos
1060 3088 1174 3162 vineta,
1211 3087 1317 3170 apium

65 3193 218 3257 culturam
241 3199 402 3266 exercent3
425 3197 569 3276 pastores
591 3193 624 3254 in
648 3193 798 3256 aedificiis
821 3193 982 3264 habitant;
1007 3193 1121 3255 imbuti
1145 3196 1219 3255 sunt
1242 3194 1317 3256 doc-

63 3299 159 3370 trina;
185 3298 325 3361 carmina
349 3301 466 3361 canunt
490 3298 529 3360 ab
553 3296 625 3359 aliis
649 3297 787 3380 egregiis
810 3298 991 3360 cantoribus
1015 3297 1199 3379 composita.

148 3403 236 3466 Haec
260 3404 343 3485 apud
367 3401 546 3485 Vergilium
569 3400 672 3464 solum
694 3401 840 3485 legimus.
871 3400 1034 3466 Theocriti
1056 3407 1218 3484 pastorum
1242 3422 1315 3484 pro-

63 3507 164 3588 prium
196 3511 251 3584 est,
287 3508 371 3592 quod
404 3507 438 3570 in
472 3506 571 3569 antris
601 3505 749 3570 habitant
778 3511 809 3569 et
832 3508 871 3570 ad
903 3507 1141 3589 exprimendum
1165 3506 1317 3569 rusticum
1426 3574 1429 3579 ,

64 3631 236 3675 sermonem
260 3612 395 3676 dialecto
419 3611 536 3675 Dorica
559 3614 709 3686 utuntur;
736 3612 842 3694 poesis
866 3612 949 3675 enim
974 3612 1115 3675 bucolica
1139 3633 1177 3674 ex
1202 3611 1317 3673 Dorica

64 3719 145 3780 terra
167 3717 312 3800 profecta
334 3721 390 3780 est.
