3174 5064
637 221 834 283 ..3-

105 392 376 470 suovitaurilibus,
401 392 659 474 circumaguntur
681 415 795 469 verres,
821 393 911 470 aries,
935 399 1055 473 taurus,
1081 402 1112 460 et
1133 399 1217 481 qnod
1239 398 1367 460 nomina

103 496 206 559 multa
229 496 381 559 habemus
406 498 446 559 ab
470 500 604 579 utroque
627 517 750 580 pecore,
776 520 794 559 a
817 498 935 561 maiore
959 504 991 561 et
1007 523 1025 562 a
1042 503 1186 564 minore?
1218 501 1366 565 Pastores

103 623 143 663 ex
166 600 297 664 Hesiodi
320 604 424 664 aetate
448 601 575 664 maioris
592 601 775 667 aestimatos
791 623 859 664 esse
876 625 969 686 quam
986 604 1152 687 agricolas
1179 606 1233 689 qui
1249 603 1365 688 βάναυ-

103 726 152 767 σοι
176 706 382 783 ducebantur,
407 706 479 769 inde
504 706 651 790 apparet,
674 707 758 789 quod
781 712 895 790 poetae
917 710 1055 772 maxime
1070 711 1276 793 pastoriciam
1301 732 1365 773 rem

102 814 310 877 fundamenta
340 813 416 875 artis
447 813 609 876 bucolieae
642 813 783 876 iecerunt
807 813 878 895 (cfr.
903 813 1114 891 Burckhardt,
1140 815 1256 898 griech.
1283 815 1365 878 Kul-

102 917 263 1001 turgesch.
280 917 340 980 IV³
360 914 445 998 131).
483 917 553 981 Huc
577 918 705 993 accedit,
732 920 816 1001 quod
833 918 1120 983 Alexandrinorum
1144 925 1246 984 aetate
1262 941 1365 983 mores

103 1028 135 1088 et
158 1024 262 1087 cultus
286 1025 392 1106 inepte
416 1027 447 1085 et
480 1028 607 1105 praeter
637 1025 766 1086 modum
800 1025 930 1107 expoliti
964 1029 1062 1101 erant,
1098 1030 1134 1088 ut
1164 1046 1253 1087 arnor
1283 1025 1365 1087 ruris

102 1129 194 1213 quasi
228 1130 394 1192 beatorum
428 1129 510 1192 sedis
542 1130 743 1192 vehementer
767 1134 956 1206 evocaretur,
992 1151 1093 1212 neque
1128 1131 1226 1214 igitur
1249 1131 1365 1193 mirum

102 1238 161 1309 est,
186 1235 270 1317 quod
293 1237 406 1317 poetae
433 1233 570 1297 bucolici
599 1235 800 1316 potissimum
832 1235 975 1299 homines
1009 1233 1167 1317 simplices
1198 1235 1364 1317 cultusque

102 1342 247 1420 expertes
271 1336 455 1420 depingunt,
480 1338 535 1421 qui
558 1339 635 1401 artis
658 1338 792 1401 vinculis
816 1362 887 1402 cum
910 1344 1025 1403 natura
1046 1339 1118 1422 ipsa
1139 1339 1298 1404 coniuncti
1313 1338 1361 1401 vi·

101 1447 169 1505 tam
193 1446 301 1524 agunt,
326 1441 413 1504 velut
435 1447 588 1525 pastores,
612 1445 795 1525 piscatores
820 1450 993 1508 venatores

191 1545 284 1610 Nihil
307 1547 389 1610 enim
413 1546 557 1610 festivius
573 1570 645 1610 rure
668 1548 732 1612 illis
748 1551 944 1632 temporibus
962 1550 988 1611 is
1004 1551 1149 1632 putabat,
1175 1551 1230 1632 qui
1249 1573 1267 1613 a
1282 1554 1363 1613 stre·

101 1651 169 1734 pitu
182 1652 269 1715 urbis
292 1653 430 1734 negotiis
444 1653 572 1716 functus
594 1653 627 1716 in
643 1676 793 1736 agrorum
810 1656 909 1717 otium
926 1655 1064 1729 divertit,
1089 1660 1156 1719 uta
1173 1655 1364 1738 quotidianis

100 1756 223 1820 relaxet
246 1758 386 1820 animum
407 1757 572 1820 molestiis.
620 1758 668 1822 Ibi
700 1763 774 1822 sunt
803 1759 924 1829 rurales
949 1758 1069 1835 Musae,
1106 1759 1203 1843 quies,
1237 1758 1364 1821 vitalior

101 1868 163 1939 aer,
188 1862 441 1926 umbraculorum
465 1862 673 1946 refrigeratio,
697 1864 923 1927 fonticulorum
947 1865 1131 1940 amoenitas,
1162 1865 1207 1928 ibi
1231 1869 1279 1927 est
1301 1864 1362 1927 ho·

100 1967 222 2030 minum
245 1967 371 2031 salubre
394 1989 495 2052 genus
519 1973 550 2031 et
574 1969 741 2031 candidum
763 1990 925 2052 parvoque
948 1971 1089 2041 beatum,
1114 1970 1159 2033 ibi
1176 1973 1224 2032 est
1237 1970 1363 2032 venatio

101 2077 156 2135 aut
178 2072 320 2154 piscatus
344 2077 399 2135 aut
420 2072 533 2136 molles
557 2073 616 2136 sub
640 2074 751 2136 arbore
775 2073 892 2148 somni;
917 2095 1008 2136 verae
1032 2095 1100 2136 esse
1112 2074 1259 2137 videntur
1281 2074 1362 2136 ima-

101 2177 192 2260 gines
216 2175 357 2240 Saturnii
378 2176 464 2240 illius
488 2177 598 2259 regni:
624 2198 718 2259 quarn
740 2177 780 2239 ob
804 2198 870 2238 rem
894 2197 972 2259 quos
996 2175 1284 2239 Alexandrinorum
1308 2196 1361 2238 ae·

102 2286 169 2345 tate
190 2303 315 2344 morum
338 2281 411 2364 plus
434 2283 519 2344 iusto
535 2281 732 2344 excultorum
747 2279 903 2355 taedebat,
927 2281 1005 2343 urbe
1021 2281 1132 2343 relicta
1147 2281 1179 2342 in
1195 2279 1315 2361 campis
1331 2284 1363 2343 et

100 2386 188 2449 silvis
211 2391 243 2449 et
265 2386 323 2449 sub
348 2385 559 2468 agricolarum
576 2390 607 2447 et
622 2390 784 2468 pastorum
801 2386 893 2448 tectis
908 2390 1071 2469 tamquam
1088 2384 1249 2468 refugium
1266 2406 1361 2469 quae·

98 2490 222 2554 rebant.
247 2488 334 2565 Quae
342 2512 413 2553 cum
428 2491 475 2552 ita
492 2491 565 2565 sint,
581 2511 648 2552 rem
663 2490 844 2570 pecuariam
853 2494 985 2571 apparet
995 2511 1034 2552 ex
1041 2489 1204 2551 hominum
1211 2489 1362 2551 memoria

98 2595 266 2676 permagni
282 2594 433 2657 momenti
447 2599 577 2676 propter
592 2593 730 2656 fructum
747 2593 845 2655 fuisse
861 2597 957 2674 atque
973 2615 1035 2668 rus,
1060 2593 1115 2656 ubi
1131 2598 1274 2675 pastores
1289 2613 1360 2654 ver-

99 2702 219 2775 santur,
231 2697 518 2762 Alexandrinorum
530 2698 657 2781 quidem
667 2697 863 2780 temporibus
872 2698 961 2779 quasi
972 2698 1077 2760 sedern
1092 2698 1258 2759 beatorum
1268 2696 1360 2760 habi·

98 2808 168 2867 tum
184 2825 260 2867 esse.
292 2803 405 2887 Itaque
421 2804 509 2866 iuvat
530 2803 754 2877 condicionem,
779 2802 887 2878 vitam,
912 2823 1026 2877 mores,
1052 2805 1153 2864 artem
1175 2801 1287 2863 horum
1303 2824 1361 2885 pa-

99 2912 219 2972 storum
231 2929 428 2991 cognoscere,
444 2929 521 2990 quos
536 2912 649 2989 poetae
665 2913 697 2969 et
712 2907 880 2989 scriptores
900 2905 1011 2969 Graeci
1021 2910 1052 2969 et
1059 2906 1163 2969 Latini
1172 2906 1358 2988 depingunt.

187 3012 377 3096 Priusquam
407 3018 513 3076 tamen
543 3012 674 3096 propius
705 3012 743 3076 ad
773 3011 924 3074 intestina
953 3011 1168 3093 pernoscenda
1202 3011 1357 3087 accedam,

98 3119 136 3181 de
159 3117 263 3201 po‘e'tis
285 3117 437 3181 bucolicis
462 3118 596 3181 breviter
620 3118 781 3181 disseram.

188 3221 232 3284 Hi
254 3226 328 3284 sunt
351 3222 435 3304 apud
460 3220 595 3285 Graecos
624 3222 820 3297 Theocritus,
846 3220 915 3297 Bio,
942 3220 1102 3299 Moschus
1128 3221 1211 3304 apud
1239 3221 1358 3284 Roma·

97 3349 155 3390 nos
178 3325 348 3408 Vergilius,
374 3324 563 3408 Calpurnius
587 3325 721 3400 Siculus,
746 3324 973 3400 Nemesianus3
1007 3326 1109 3388 simile
1136 3331 1359 3408 argumentum

97 3435 238 3496 tractant
252 3431 357 3494 soluta
372 3432 514 3494 oratione
531 3431 707 3514 Alciphron
725 3429 784 3512 (ed.
804 3428 970 3512 Schepers)
994 3430 1027 3493 in
1043 3430 1253 3512 epistularum
1275 3428 1358 3493 libro

98 3537 244 3613 secundo,
270 3535 323 3620 qui
346 3535 480 3598 rusticas
505 3536 654 3611 continet,
679 3534 828 3599 Claudius
851 3534 1004 3598 Aelianus
1025 3535 1059 3596 in
1081 3534 1199 3610 libello,
1229 3535 1285 3619 qui
1307 3535 1356 3598 in·

97 3641 249 3706 scribitur
278 3637 311 3714 ἐξ
334 3637 483 3703 Αἰλιανοῠ
514 3640 703 3721 ἀγροικικῶν
730 3636 910 3715 ἐπιστολῶν,
943 3637 1126 3720 (Aelianum
1151 3638 1357 3723 Alciphronis

98 3746 306 3829 epistularum
337 3745 530 3808 imitatorem
553 3766 621 3807 esse
645 3744 685 3807 H.
711 3741 860 3807 Reichius
884 3744 1103 3808 dissertatione
1133 3767 1190 3808 sua
1220 3745 1358 3808 ostendit

98 3852 155 3915 cfr.
181 3854 287 3914 autem
310 3849 551 3914 Jahresbericht
575 3850 597 3912 f.
614 3849 711 3912 hlass.
730 3848 889 3932 Philolog.
907 3847 1012 3914 CVIII
1028 3847 1116 3931 258),
1141 3850 1277 3930 Longus,
1302 3850 1358 3933 qui

97 3955 242 4020 fabulam
264 3952 303 4017 de
325 3954 504 4037 Daphnidis
535 3959 567 4016 et
590 3951 705 4016 Chloes
736 3974 842 4015 amore
874 3954 1061 4036 conscripsit
1083 3959 1114 4016 et
1137 3975 1230 4036 quern
1261 3952 1356 4016 facile

96 4060 295 4144 intellegitur
317 4081 379 4122 non
403 4060 495 4122 modo
519 4058 636 4122 multas
660 4057 804 4141 singulas
827 4079 877 4120 res
900 4058 951 4121 vel
973 4061 1068 4122 verbo
1092 4064 1183 4121 tenus
1206 4056 1256 4119 vel
1285 4081 1354 4122 mu·

96 4170 165 4230 tata
198 4165 302 4228 forma
325 4187 343 4227 a
366 4164 534 4227 Theocrito
569 4168 748 4226 mutuatum
782 4185 848 4226 esse
881 4164 1042 4245 totiusque
1075 4163 1180 4244 operis
1213 4166 1355 4225 tenorem

97 4269 258 4334 Theocriti
282 4268 472 4332 carminibus
496 4267 732 4334 accommodare
756 4267 923 4342 studuisse,
957 4268 1011 4329 sed
1040 4267 1136 4328 etiam
1166 4266 1301 4329 formam
1324 4271 1356 4329 et

98 4374 356 4458 compositionem
384 4373 468 4436 illius
500 4373 659 4436 imitatum
682 4393 759 4449 esse,
794 4372 963 4454 Euripides
996 4371 1029 4433 in
1062 4370 1173 4434 fabula
1197 4370 1353 4454 Cyclopis,

98 4479 243 4544 Tibullus
266 4500 391 4562 quoque
414 4479 545 4542 notandi
568 4483 650 4541 sunt.

1104 4577 1141 4642 1*
