3174 5064
159 1483 391 1539 Praemittendu

194 1571 302 1624 Parsl.
570 1568 765 1622 Condicio
787 1571 999 1638 pastorum.

231 1662 316 1727 caput
336 1659 357 1711 1.
380 1657 455 1725 apud
473 1658 571 1725 poetas
589 1656 733 1709 bucolicus

266 1751 294 1812 a)
312 1746 424 1815 privata

317 1837 344 1899 α)
363 1833 548 1885 bubulcorum
607 1871 1238 1889 .........
1328 1838 1378 1887 4-
1399 1838 1415 1889 6

318 1925 342 1986 β)
365 1920 519 1989 opilionum
1330 1926 1344 1976 7

318 2013 345 2076 γ)
366 2007 556 2076 caprariorum
605 2047 1239 2066 ........
1329 2013 1378 2063 7..
1398 2012 1414 2064 8

301 2100 343 2166 ’δ)
365 2098 399 2150 de
418 2095 587 2165 Vergilianis
606 2094 767 2164 pastoribus
781 2094 880 2148 iisdem
900 2095 1031 2166 agricolis
1078 2137 1082 2147 .
1156 2139 1160 2148 .
1234 2139 1239 2150 .
1329 2100 1414 2152 8-9

265 2186 293 2250 b)
312 2184 435 2255 publiea,
454 2183 544 2237 libera
565 2200 600 2235 cu
619 2182 728 2235 servilis
764 2224 1238 2238 ,,,,,,,
1329 2188 1415 2240 9-10

267 2276 293 2351 c)
313 2273 347 2326 de
366 2277 512 2341 pastorum
532 2271 704 2324 administris
765 2311 1240 2329 ,,,,,,,
1314 2275 1414 2328 10-11

268 2362 296 2431 (1)
316 2362 350 2414 de
368 2367 514 2430 pastorum
535 2359 675 2412 aetatibus

269 2455 293 2512 e)
311 2449 344 2501 de
363 2451 507 2516 pastorum
528 2446 651 2498 fortunis
685 2485 1238 2502 ........
1314 2450 1345 2503 12

233 2540 318 2605 ceput
336 2538 359 2588 2.
388 2551 461 2601 quae
480 2535 520 2587 rei
538 2535 659 2586 rusticae
679 2536 830 2603 scriptores
858 2534 892 2587 de
911 2538 1056 2602 pastorum
1076 2534 1240 2588 condicione

380 2623 497 2676 trudunt
530 2662 1239 2678 ..........
1314 2625 1414 2678 13-17

233 2713 319 2779 eaput
338 2711 361 2763 3.
382 2713 561 2776 comparatur
581 2708 708 2760 condicio
727 2711 871 2776 pastorum
891 2725 908 2760 a
925 2710 1017 2777 poetis
1038 2716 1066 2764 et
1085 2727 1102 2762 a
1121 2710 1237 2778 scripto·

382 2797 457 2849 ribus
477 2799 633 2848 memorate

198 2882 318 2938 Parsll.
634 2881 959 2950 Vitepustorum.

233 2989 305 3040 quae
325 2974 435 3040 spectat
454 2970 489 3022 ad
509 2971 527 3021 Ι.
547 2985 663 3038 gregum

271 3062 295 3127 1)
315 3059 421 3112 cultum
450 3097 1239 3115 ...........

269 3148 294 3213 2)
313 3162 419 3214 pascua
452 3186 457 3197 .
531 3161 540 3195 .’
609 3186 1240 3202 .........

234 3411 267 3462 ΙΙ,
285 3411 431 3477 pastorum

271 3498 296 3564 1)
318 3493 489 3549 domicilium
509 3497 537 3546 et
556 3494 758 3562 supellectilem

270 3584 296 3651 2)
314 3584 512 3636 vestimentum

270 3671 295 3739 3)
316 3670 419 3722 victum
454 3709 1242 3724 ...........

201 3757 334 3810 Pcrslll.
617 3756 974 3824 Merespastorum.

272 3844 295 3910 l)
316 3843 349 3895 de
371 3842 449 3911 relig
424 3858 506 3894 orione
533 3883 1241 3897 ..........

269 3931 295 3999 2)
315 3930 349 3982 de
368 3929 599 3996 superstitionum
620 3929 768 3997 generibus

269 4017 295 4084 3)
316 4016 349 4068 de
368 4015 550 4068 familiaritat
506 4019 573 4076 tue
594 4030 666 4080 quae
685 4016 758 4067 inter
770 4019 905 4083 pastores,
925 4034 1032 4085 greges,
1052 4018 1209 4070 naturum
1202 4037 1243 4070 in-

321 4102 443 4156 tercedit
533 4142 1086 4157 ........
1148 4127 1165 4155 ·.
1238 4144 1244 4156 .
1315 4107 1418 4160 50-52

269 4193 631 4260 4)depustorumuiu0re
691 4233 696 4246 .
769 4233 773 4243 .
848 4233 853 4243 .
925 4233 929 4242 .
1004 4234 1008 4243 .
1081 4236 1087 4247 .
1158 4233 1163 4244 .
1238 4234 1243 4245 .
1315 4195 1419 4247 52--56

323 4279 526 4348 a·)puellurum

322 4368 352 4436 b)
371 4383 521 4435 puerorum

270 4457 297 4518 5)
318 4453 352 4506 de
370 4452 477 4520 ingenii
495 4455 641 4520 pastorum
660 4451 818 4504 eruditione
846 4492 1242 4507 ......

271 4543 297 4609 6)
316 4542 350 4593 de
368 4539 537 4606 imaginibus
562 4541 590 4592 et
613 4539 870 4606 comparationibus
896 4555 912 4589 e
937 4539 1099 4606 pastoribus
1126 4541 1244 4607 prolatis
1316 4543 1420 4595 60-63
