3174 5064
681 221 898 283 ..52-

163 395 296 470 virebit3
319 393 398 458 VIII
413 395 433 456 4
449 396 613 476 pastorum
637 394 826 457 certantium
850 395 987 458 carmine
1002 394 1200 476 stupefactae
1217 397 1291 457 sunt
1312 393 1419 476 lynces

164 503 195 562 et
218 503 341 562 mutata
374 519 447 560 suos
476 499 660 581 requierunt
692 498 823 562 flumina
854 520 981 573 cursus;
1007 497 1022 560 Ι
1044 500 1096 562 38.
1122 498 1162 561 39
1186 498 1274 581 ipsae
1296 501 1339 573 te,
1364 497 1420 560 ri-

164 608 242 686 tyre,
266 604 360 685 pinus
380 603 384 680 Ι
404 602 467 684 ipsi
484 608 515 665 te
539 602 653 679 fontes,
677 602 749 684 ipsa
763 602 841 666 haec
854 603 983 666 arbusta
998 604 1172 678 vocabant3
1197 602 1230 666 ΙΙ
1246 603 1265 666 5
1281 602 1328 666 ibi
1342 601 1421 665 hacc

165 708 300 790 (amores
334 728 407 770 suos
441 703 599 788 Corydon)
622 707 783 770 incondita
814 706 900 770 solus
933 707 1094 771 montibus
1129 711 1161 770 et
1195 706 1282 770 silvis
1318 706 1422 770 studio

161 813 303 876 iactabat
322 812 425 886 inani3
953 843 957 852 ·
1395 892 1397 895 Ι

252 917 314 980 huc
338 939 463 1000 quoque
487 920 618 1000 spectat,
656 918 740 1001 quod
763 917 877 981 dicitur
900 940 918 980 a
940 917 1063 981 Mosch.
1088 917 1119 981 V
1143 919 1162 981 8
1186 913 1311 988 ἁπίτυς
1335 915 1421 998 ᾄδεις

161 1022 260 1106 Verg.
285 1020 347 1084 VH
372 1023 389 1084 1
413 1021 472 1085 sub
496 1025 609 1105 arguta
632 1023 817 1085 consederat
838 1021 909 1085 ilice
925 1021 1088 1105 Daphnis;
1107 1021 1186 1085 VIII
1197 1021 1239 1084 22
1255 1021 1422 1085 Maenalus

163 1130 374 1210 argutumque
406 1147 517 1189 nemus
547 1127 701 1209 pinosque
728 1126 894 1208 loquentes
923 1148 1048 1210 semper
1077 1127 1192 1202 habet;
1216 1125 1264 1190 VI
1287 1128 1329 1190 28
1353 1130 1421 1190 tum

162 1231 282 1314 rigidas
306 1235 426 1294 motare
450 1232 612 1295 cacumina
637 1253 771 1314 quercus
795 1230 937 1315 (propter
961 1232 1100 1295 divinum
1117 1229 1276 1313 carmen);
1300 1231 1421 1296 V1145

161 1337 300 1400 muscosi
323 1336 426 1399 fontes
451 1340 482 1399 et
505 1359 614 1400 somno
636 1336 762 1400 mollior
777 1337 885 1414 herba,
911 1342 942 1400 et
959 1360 1039 1421 quae
1058 1360 1114 1401 vos
1129 1360 1201 1401 rara
1216 1338 1325 1401 viridis
1341 1339 1421 1422 tegit

163 1443 294 1506 arbutus
318 1443 438 1517 umbra,
464 1441 635 1505 solstitium
656 1443 765 1525 pecori
788 1442 954 1506 defendite.

250 1546 362 1630 Itaque
385 1551 528 1630 pastores
551 1547 688 1611 humano
711 1547 804 1630 quasi
826 1569 919 1610 sensu
935 1551 967 1611 et
982 1549 1086 1612 animo
1101 1552 1248 1612 naturam
1264 1549 1420 1614 imbutam

162 1673 229 1715 esse
252 1653 314 1716 rati
336 1652 494 1715 familiare
517 1673 587 1715 cum
608 1652 666 1715 illa
689 1653 807 1715 habent
830 1654 1059 1717 commercium.

251 1755 334 1831 Quid
355 1757 478 1820 faciunt
500 1760 643 1839 pastores
666 1757 892 1839 temporis
917 1757 1123 1822 fallendi
1154 1763 1316 1823 causa?

250 1861 398 1926 Pastores
422 1866 477 1925 aut
499 1882 575 1926 vasa
596 1862 715 1926 rustica
737 1867 842 1925 texere
866 1867 921 1925 aut
943 1863 1051 1926 venari
1074 1864 1137 1926 iam
1161 1885 1258 1948 supra
1273 1865 1417 1942 vidimus

163 1988 314 2049 magnam
336 1967 489 2050 temporis
511 1971 635 2050 partem
668 1969 823 2030 cantando
848 1967 961 2050 degere
991 1972 1102 2050 postea
1128 1967 1312 2033 videbimus.
1363 1970 1419 2033 Hic

163 2070 324 2154 loquimur
347 2071 404 2148 de,
419 2091 435 2133 e
449 2092 467 2133 o
480 2093 528 2132 ru
539 2093 571 2132 m
595 2093 613 2132 a
626 2093 656 2132 m
669 2092 687 2133 o
700 2092 762 2147 re,
792 2071 876 2153 quod
899 2091 1049 2152 magnum
1072 2072 1253 2153 pastoribus
1277 2070 1417 2137 oblecta·

162 2179 304 2238 mentum
328 2196 366 2237 ex
395 2173 551 2257 flagrante
584 2174 797 2238 formosorum
827 2194 998 2258 puerorum
1028 2175 1079 2238 vel
1104 2176 1286 2258 puellarum
1317 2200 1418 2242 amore

162 2282 313 2345 nascitur.
767 2339 768 2342 ,

250 2385 437 2449 Pastoribus
460 2408 572 2449 venam
596 2386 783 2448 amatoriam
806 2386 937 2450 infuisse
961 2387 1052 2450 docet
1074 2387 1143 2468 ipse
1167 2385 1270 2451 Varro
1293 2410 1318 2451 r.
1342 2411 1367 2451 r.
1390 2387 1419 2451 H

164 2491 459 2567 inenarrata:
481 2491 566 2573 quod
590 2491 630 2553 ad
652 2491 789 2554 feturam
812 2489 984 2555 humanam
1006 2491 1146 2574 pertinet
1168 2496 1343 2575 pastorum,
1367 2494 1419 2576 qui

162 2594 195 2658 in
219 2594 317 2658 fundo
339 2598 495 2678 perpetuo
518 2599 665 2671 manent;
700 2595 794 2659 facile
823 2600 881 2673 est,
915 2598 998 2679 quod
1027 2597 1147 2661 habent
1178 2619 1363 2662 conservam
1387 2599 1419 2661 in

162 2700 248 2778 villa,
272 2722 329 2764 nec
352 2701 413 2764 hac
435 2723 534 2764 venus
556 2701 726 2785 pastoralis
750 2701 876 2784 longius
899 2702 975 2785 quid
999 2703 1130 2785 quaerit.

250 2805 360 2889 Itaque
383 2806 486 2868 varias
508 2826 610 2886 nugas
633 2811 665 2869 et
687 2807 756 2869 ioca
779 2809 974 2889 excogitant3
999 2807 1039 2870 ad
1055 2808 1288 2890 experiendum,
1313 2813 1418 2872 utrum

161 2908 287 2994 puellae
311 2930 417 2971 amore
440 2909 586 2972 fruantur
607 2932 714 2986 necne,
738 2910 890 2974 adhibent
912 2910 1014 2974 multa
1037 2911 1152 2973 amoris
1176 2911 1314 2988 oracula,
1339 2934 1417 2996 quae

162 3036 258 3097 supra
281 3014 398 3089 notavi,
423 3018 518 3096 atque
542 3015 633 3078 dona.

250 3117 319 3193 Qua
340 3118 373 3180 in
396 3140 430 3180 re
453 3119 580 3182 omnino
603 3119 775 3182 notandum
799 3123 847 3182 est
868 3124 1014 3202 pastores
1048 3121 1149 3185 solere
1181 3122 1264 3184 dona
1295 3142 1354 3184 sua
1381 3123 1418 3185 ab

162 3245 258 3306 opera
272 3223 418 3300 maxime,
438 3224 636 3301 difficultate,
661 3224 811 3307 periculo,
830 3225 944 3308 quibus
961 3247 997 3289 ea
1012 3227 1235 3309 quaesiverint,
1260 3248 1419 3291 commen·

138 3328 236 3410 ⁵dare
261 3326 313 3407 (V.
337 3326 369 3389 II
393 3329 436 3391 40
460 3328 520 3390 duo
553 3349 611 3391 nec
645 3332 715 3391 tuta
748 3328 826 3391 mihi
848 3329 931 3392 valle
965 3332 1083 3413 reperti
1116 3330 1282 3413 capreoli);
1318 3353 1419 3415 neque

161 3430 266 3493 minus
289 3430 321 3491 in
344 3436 411 3493 arte
435 3436 466 3493 et
489 3454 549 3494 usu
570 3435 735 3514 pastorum
758 3437 806 3495 est
837 3433 994 3496 silvestria
1029 3435 1178 3498 animalia
1214 3436 1355 3499 cicurare
1389 3440 1420 3499 ct

163 3533 270 3597 domui
292 3538 324 3596 et
347 3556 472 3597 mensae
496 3536 693 3599 assuefacere
716 3534 804 3619 Calp.
829 3536 877 3601 III
893 3540 943 3601 76.
970 3538 1009 3602 77
1035 3539 1084 3602 his
1107 3542 1223 3615 tamen,
1247 3539 1297 3603 his
1320 3541 1419 3606 isdem

162 3639 307 3703 manibus
330 3640 390 3702 tibi
413 3661 506 3722 saepe
528 3641 703 3722 palumbes,
738 3662 832 3725 saepe
861 3643 957 3706 etiam
989 3643 1128 3725 leporem
1159 3645 1290 3726 decepta
1319 3651 1420 3710 matre

161 3748 329 3827 paventem
352 3744 495 3807 misimus
517 3745 550 3808 in
573 3747 743 3828 gremium3
766 3745 812 3808 VI
835 3746 876 3809 35
900 3748 959 3809 scit
983 3747 1116 3828 (cervus)
1140 3748 1246 3812 frenos
1276 3754 1309 3812 et
1339 3750 1419 3814 ferre

160 3851 272 3932 iugum
295 3849 499 3932 sequiturque
522 3855 687 3913 vocantem
708 3851 711 3929 Ι
733 3851 877 3914 credulus
889 3855 920 3914 et
945 3873 1070 3914 mensae
1093 3874 1156 3916 non
1179 3853 1326 3935 improba
1344 3877 1418 3938 por·

161 3954 239 4037 rigit
262 3975 329 4027 ora3
354 3952 446 4017 Nem.
471 3952 503 4016 Π
519 3954 559 4016 62
582 3959 692 4037 pastor
714 3955 936 4018 munusculum
959 3978 1059 4031 suurn,
1083 3956 1260 4034 lusciniam,
1285 3960 1326 4022 ab
1351 3964 1417 4023 arte

162 4061 193 4119 et
217 4057 382 4139 disciplina
405 4059 613 4135 commendat,
639 4081 702 4142 qna
725 4081 794 4122 eam
807 4060 979 4122 assueverit
1001 4061 1161 4123 interdurn
1184 4061 1217 4124 in
1232 4062 1329 4127 silvas
1346 4085 1418 4127 evo-

161 4162 228 4225 lare
253 4166 285 4225 et
307 4186 365 4226 sua
389 4169 501 4247 sponte
523 4163 557 4226 in
581 4186 708 4228 caveam
731 4168 895 4246 tamquam
927 4165 966 4226 ad
1000 4169 1119 4227 certam
1144 4166 1271 4229 domum
1298 4168 1417 4242 redire;

163 4268 222 4330 Th.
236 4267 282 4330 XI
304 4269 356 4330 40.
380 4271 420 4332 41
445 4267 553 4349 recipe)
577 4266 610 4329 δέ
633 4288 680 4329 τοι
704 4269 880 4351 (Galateae)
904 4267 1015 4329 ἕνδεκα
1039 4266 1154 4350 νεβρὼς
1175 4269 1179 4351 Ι
1199 4267 1303 4344 πάσας
1326 4291 1419 4352 μανο-

162 4370 265 4452 papan
287 4373 340 4433 καί
364 4371 508 4452 σκύμνως
531 4370 684 4454 τέσσαρας
705 4361 840 4454 ἄρκτων.

248 4476 307 4541 rh.
331 4477 379 4540 III
396 4479 436 4541 10
452 4480 613 4560 caprarius
630 4478 820 4560 Amaryllidi
842 4476 926 4559 ἠνίδε
942 4498 987 4539 ror
1004 4474 1081 4540 δέκα
1097 4477 1183 4559 μάλα
1197 4476 1299 4560 φέρω
1313 4482 1361 4545 III
1376 4483 1415 4545 21
