3174 5064
682 246 897 311 ..48-

163 420 288 503 gionem
313 424 345 485 et
369 420 621 504 superstitionem
643 420 816 498 intercedit,
840 443 937 505 prope
953 424 1130 498 evanuerat,
1156 443 1226 486 cum
1243 423 1275 483 et
1290 419 1415 503 publica

162 547 251 589 sacra
274 530 305 589 et
327 527 449 608 privata
472 547 589 609 magna
611 548 649 591 ex
672 531 761 609 parte
784 528 1005 611 superstitione
1021 527 1156 610 quadam
1173 527 1414 602 continerentur,

163 636 194 694 et
217 633 352 696 maxime
369 633 495 716 quidem
510 632 588 695 illud
604 633 745 715 magicae
762 633 992 715 superstitionis
1008 653 1107 718 genus
1122 633 1308 710 invaluerat,
1334 632 1416 716 quod

163 738 303 820 auguriis
326 742 357 802 et
380 738 560 822 extispiciis,
585 739 799 824 prodigiorum
822 744 853 803 et
871 745 1088 823 portentorum
1104 738 1331 816 observatione,
1355 737 1414 800 lib·

162 865 266 908 rorum
301 844 446 910 fatalium
479 846 673 928 inspectione
696 844 746 908 vel
779 846 911 910 sortium
944 845 1175 909 consultatione
1208 867 1258 909 res
1291 844 1415 910 futuras

162 971 363 1034 praenoscere
386 953 533 1017 studeret.
579 952 691 1036 Neque
714 974 787 1016 vero
810 976 859 1016 me
882 953 975 1037 fugit,
999 957 1076 1037 quot
1099 959 1130 1017 et
1142 975 1237 1036 quam
1252 954 1341 1016 varia
1363 975 1414 1018 su·

162 1057 354 1138 perstitionis
377 1078 493 1140 genera
516 1059 600 1140 apud
623 1062 762 1140 pastores
785 1058 952 1143 viguerint,
986 1082 1024 1124 ex
1054 1060 1169 1142 quibus
1192 1082 1237 1133 ea,
1268 1081 1351 1142 quae
1377 1060 1416 1123 ad

163 1183 300 1226 amorem
332 1165 500 1248 pertinent,
534 1163 655 1249 philtra
677 1170 709 1228 et
736 1165 968 1230 incantamenta
1002 1167 1182 1249 saepissime
1217 1170 1354 1230 tractata
1386 1170 1415 1229 et

162 1262 301 1332 mirifice
315 1268 439 1332 exculta
461 1270 645 1333 invenimus.

167 1403 170 1407 ²
250 1372 299 1437 De
332 1375 484 1439 amatoria
515 1379 582 1438 arte
611 1376 744 1458 magica,
774 1398 868 1459 quam
892 1374 1077 1440 Theocritus
1105 1377 1238 1441 secundo
1270 1378 1413 1454 carmine,

162 1479 323 1564 Vergilius
347 1481 385 1544 ad
408 1481 585 1564 exemplum
607 1479 701 1544 huius
724 1478 882 1546 Theocriti
906 1484 1052 1547 carminis
1075 1483 1184 1567 ecloga
1207 1488 1327 1560 octava,
1351 1482 1413 1547 Ne-

163 1587 322 1650 mesianus
344 1587 522 1671 Vergilium
544 1586 685 1651 imitatus
709 1593 821 1671 quarta
844 1588 953 1673 ecloga
976 1589 1017 1653 62
1033 1611 1102 1673 sqq.
1127 1589 1316 1667 describunt,
1348 1589 1415 1652 vide

163 1691 311 1755 Ludovici
334 1691 430 1756 Fahzi
454 1693 490 1756 de
514 1698 676 1775 poetarum
692 1690 905 1756 Romanorum
923 1694 1064 1758 doctriua
1080 1696 1204 1778 magica
1219 1695 1415 1777 quaestiones

164 1798 312 1876 selectas;
337 1799 417 1863 (tiss.
443 1798 536 1876 1904,
560 1822 590 1884 p.
617 1799 678 1862 122
696 1821 763 1883 sqq.
789 1799 911 1876 Forma,
936 1800 1022 1884 quali
1045 1801 1121 1867 haec
1137 1802 1291 1865 amatoria
1311 1802 1416 1886 magia

166 1905 298 1983 exsistit,
323 1904 500 1988 perurbana
522 1910 578 1970 est.

251 2008 506 2091 Contemplemur
528 2011 615 2074 varia
638 2012 870 2093 superstitionis
892 2013 976 2095 apud
992 2017 1100 2093 poetas
1115 2011 1276 2076 bucolicus
1292 2033 1414 2095 genera.

251 2112 311 2178 Th.
328 2113 430 2179 11131
454 2112 592 2196 ἁΓραίω
616 2115 868 2198 naumann
895 2140 933 2181 ex
956 2117 1051 2179 cribri
1073 2117 1149 2180 torti
1172 2117 1310 2180 motibus
1333 2116 1415 2180 fures

164 2221 264 2284 aliave
295 2221 556 2303 exquirebantur3
592 2220 651 2284 Th.
675 2219 723 2284 ΙΙΙ
747 2221 787 2287 37
820 2220 949 2283 ἅλλεται
983 2220 1148 2302 ὀφθαλμός
1184 2241 1238 2303 μεν
1263 2220 1279 2283 ὁ
1303 2219 1414 2298 δεξιόςς

164 2326 306 2390 similiter
330 2325 471 2411 Alciphr.
496 2324 511 2388 l
536 2328 575 2390 18
607 2330 638 2389 et
660 2325 765 2390 Plaut.
790 2326 934 2390 Pseudol.
960 2324 975 2389 l
1001 2329 1027 2403 l,
1047 2327 1107 2391 108
1140 2329 1186 2391 ita
1216 2326 1415 2411 supercilium

112 2514 114 2518 ἱ
164 2433 252 2509 salit3
277 2430 336 2494 Th.
353 2430 417 2496 Vll
434 2433 475 2496 96
498 2428 643 2514 Σιμιχίδᾳ
668 2432 721 2513 μὲν
744 2429 884 2512 Ἔρωτες
908 2429 1097 2512 caesenas
1123 2434 1204 2496 unde
1230 2430 1365 2496 Graecos
1387 2437 1417 2494 et

163 2537 323 2602 Romanos
347 2537 486 2600 fortuitis
509 2537 609 2620 partis
633 2535 799 2601 cuiuslibet
832 2539 969 2619 corporis
993 2537 1131 2602 motibus
1153 2561 1202 2602 res
1225 2543 1416 2623 opportunas

165 2648 220 2707 aut
241 2643 360 2707 alienas
384 2640 554 2725 significari
577 2643 717 2706 videmus
739 2648 866 2725 putare:
898 2643 959 2708 huc
991 2648 1135 2727 spectant
1163 2643 1325 2708 oculorum
1347 2643 1415 2727 pal·

164 2749 287 2833 pitati0,
311 2750 506 2824 sternutatio,
531 2770 672 2812 murmur
696 2749 827 2826 aurium,
852 2755 887 2812 ut
910 2748 1003 2812 hodie
1027 2770 1152 2832 quoque
1175 2747 1295 2833 (Catull
1318 2748 1370 2825 45,
1388 2748 1415 2811 9.

165 2854 258 2936 Prop.
283 2849 315 2915 ΙΙ
338 2855 367 2930 3,
384 2850 449 2935 24).

251 2961 277 3022 is
302 2960 352 3023 cui
374 2959 520 3040 pustulae
543 2958 576 3021 in
599 2978 674 3022 naso
699 2959 748 3022 vel
770 2960 880 3042 lingua
904 2961 1056 3037 oriuntur,
1082 2960 1231 3023 mentitus
1247 2983 1314 3024 esse
1326 2963 1416 3043 puta·

164 3071 215 3128 tur
241 3062 329 3149 [Th]
354 3062 404 3127 IX
424 3065 465 3128 30
489 3061 597 3145 μηκέτ’
622 3063 671 3124 ἐπὶ
694 3061 839 3144 γλώσσας
864 3066 964 3145 ἄκρας
997 3063 1196 3146 ὁλόφυγγὸνα
1226 3063 1333 3144 φύσω;
1358 3064 1422 3130 Th..

164 3169 227 3235 XII
242 3171 283 3233 23
300 3169 363 3252 ἐγὼ
381 3167 415 3230 δὲ
431 3160 468 3230 σει
482 3170 534 3230 τὸν
558 3166 657 3230 καλὸν
681 3167 790 3230 αἰνέων
815 3167 934 3249 ψεύδεα
961 3169 1041 3251 ῥινὸς
1064 3171 1201 3250 ὕπερθεν
1226 3170 1336 3252 ἀραιῆς
1360 3170 1418 3232 οὐκ

166 3275 332 3357 &ruptam

252 3384 412 3446 cornicum
435 3382 552 3446 clamor
575 3404 593 3445 a
615 3380 742 3445 sinistra
766 3381 868 3444 editus
891 3380 1031 3445 faustum
1055 3402 1145 3445 omen
1169 3381 1303 3447 habetur
1317 3382 1357 3448 V.
1374 3381 1419 3446 IX

169 3487 207 3550 15
230 3487 313 3569 quod
337 3489 468 3551 nisime
492 3508 688 3571 quacumque
711 3508 807 3550 novas
830 3488 965 3551 incidere
988 3487 1059 3551 lites
1083 3490 1156 3550 ante
1185 3487 1311 3551 sinistra
1343 3510 1420 3552 cava

165 3590 339 3655 monuisset
361 3590 400 3654 ab
423 3590 492 3654 ilice
515 3592 637 3667 cornix,

251 3695 367 3760 Moeris
391 3701 515 3777 aspecto
538 3697 613 3780 lupo
637 3696 825 3760 obmutescit
847 3695 885 3760 V.
910 3694 956 3760 IX
981 3698 1022 3761 53
1046 3719 1107 3760 vox
1138 3719 1262 3781 quoque
1285 3697 1419 3762 Moerim

165 3803 227 3865 iam
250 3801 336 3883 fugit
358 3802 440 3883 ipsa:
463 3799 531 3884 lupi
554 3802 686 3865 Moerim
710 3802 813 3865 videre
836 3803 954 3884 priores
979 3802 1108 3886 (Graece
1131 3801 1226 3863 itaer
1251 3801 1354 3886 ἰδεῖν);

252 3929 290 3970 ex
312 3908 443 3971 iuvenca
466 3908 593 3970 inventa
616 3913 722 3989 pastor
744 3929 835 3971 omen
866 3910 1021 3972 rediturae
1051 3910 1090 3972 ad
1121 3931 1154 3971 se
1185 3909 1304 3973 amicae
1335 3909 1421 3991 capit

165 4010 251 4094 Oalp.
276 4010 387 4076 [1196
412 4012 524 4087 veniet,
549 4013 608 4074 nisi
632 4035 681 4075 me
704 4013 868 4095 praesagia
891 4014 1025 4091 fallunt3
1050 4036 1122 4076 nam
1147 4013 1248 4076 bonus
1271 4015 1307 4076 a!
1342 4014 1419 4076 dex·

165 4123 248 4179 trum
271 4116 345 4180 fecit
376 4115 454 4180 mihi
477 4113 604 4198 Tityrus
631 4138 731 4192 omen,
766 4119 820 4199 qui
847 4117 928 4180 redit
957 4120 1084 4182 inventa
1112 4139 1174 4180 non
1210 4118 1318 4181 irritus
1350 4139 1421 4181 ecce

165 4223 311 4295 iuvenca3

252 4328 332 4390 inter
354 4326 468 4390 herbas
492 4327 532 4391 ad
554 4327 691 4410 magiam
715 4328 900 4390 amatoriam
924 4328 1082 4392 adhibitas
1100 4326 1150 4411 (de
1166 4327 1271 4392 herbis
1287 4330 1420 4412 magicis

166 4453 193 4495 v.
218 4428 254 4495 0.
279 4429 460 4494 Hirschfeld
484 4432 521 4494 de
544 4432 784 4495 incantamentis
808 4438 839 4496 et
863 4432 1112 4498 devinctionibus
1144 4434 1305 4498 amatoriis
1336 4434 1419 4515 apud

166 4535 299 4607 Graecos
334 4534 572 4619 Romanosque,
608 4538 680 4600 diss
717 4536 895 4620 Regimont.
933 4539 1026 4616 1863,
1061 4561 1091 4622 p.
1117 4539 1171 4623 42)
1207 4562 1298 4603 usum
1329 4537 1425 4602 floris·
