3174 5064
680 187 896 251 ..38-

161 366 246 430 sicia.
294 364 518 450 Diligentiores
541 363 720 449 tegeticulis
743 362 892 428 subiectis
915 386 989 429 oves
1013 366 1140 430 tondere
1163 366 1274 446 solent,
1299 388 1340 431 ne
1363 368 1422 451 qui

161 470 251 536 flocci
274 471 447 546 intereant;
472 472 536 535 dies
560 471 600 535 ad
623 486 693 534 eam
716 492 782 534 rem
806 475 971 534 sumuntur
995 472 1095 536 sereni
1124 475 1155 534 et
1178 471 1217 536 iis
1240 472 1273 536 id
1296 472 1424 537 faciunt

161 578 226 642 fere
250 601 269 642 a
291 581 405 661 quarta
427 579 467 641 ad
489 578 662 642 decimam:
687 597 758 640 oum
781 576 845 640 sole
868 575 1016 640 calidiore
1038 581 1137 655 tonsa,
1162 597 1201 641 ex
1222 579 1337 643 sudore
1354 579 1423 642 eius

162 682 236 748 lana
258 683 295 747 fit
317 683 442 748 mollior
465 686 497 747 et
516 683 719 767 ponderosior
742 686 774 746 et
796 681 899 746 colore
922 683 1059 747 meliore.

251 787 351 854 Varro
374 786 407 852 II
431 790 480 867 11,
498 789 517 852 9
542 810 580 853 ex
601 785 762 852 vocabulis
783 788 900 853 vellera
924 792 955 852 et
972 788 1127 853 velamina
1149 790 1358 854 animadverti
1381 789 1424 854 li-

162 898 212 960 cet
233 894 320 979 prius
349 893 383 958 in
411 893 486 959 lana
509 891 671 958 vulsuram
703 914 799 976 quam
831 897 991 959 tonsuram
1026 895 1202 972 inventam3
1223 895 1292 978 >qui
1324 896 1423 960 etiam

162 1022 245 1064 nunc
268 999 397 1078 vellunt,
422 1005 495 1064 ante
517 999 620 1064 triduo
635 998 754 1063 habent
769 999 899 1082 ieiunas,
922 1000 1005 1084 quod
1021 999 1191 1084 languidae
1205 1002 1310 1066 minus
1326 1021 1425 1086 aegre

161 1105 282 1170 radices
304 1106 397 1170 lanae
419 1106 565 1169 retinent.

248 1208 350 1274 Varro
373 1208 394 1273 l.
418 1210 439 1274 1.
464 1209 493 1275 V
516 1208 558 1272 54
582 1209 692 1275 Veliae
716 1246 757 1256 -
780 1209 864 1274 unde
887 1213 999 1290 essent,
1023 1210 1131 1294 plures
1161 1213 1268 1295 accepi
1300 1233 1425 1290 causas,

163 1319 195 1381 in
218 1316 290 1399 quis
313 1316 398 1399 quod
420 1315 466 1380 ibi
487 1319 629 1399 pastores
645 1314 784 1380 Palatini
807 1339 846 1380 ex
860 1316 971 1380 ovibus
988 1319 1061 1379 ante
1077 1320 1237 1380 tonsuram
1260 1319 1425 1384 inventam

163 1421 276 1487 vellere
298 1422 403 1486 lanam
428 1426 500 1485 sunt
516 1420 617 1500 soliti,
642 1446 661 1486 a
683 1442 745 1505 quo
767 1419 884 1485 vellera
907 1421 1068 1498 dicuntum
1092 1421 1175 1485 unde
1198 1421 1340 1486 videmus
1363 1445 1424 1486 an·

77 1558 79 1562 ·
163 1527 349 1613 tiquissimis
371 1529 566 1612 temporibus
588 1533 729 1612 pastores
753 1547 827 1590 oves
849 1525 1064 1601 vellicavisse3
1088 1525 1169 1590 Plin.
1188 1525 1219 1590 h.
1237 1549 1266 1590 n.
1284 1523 1364 1591 VIII
1381 1528 1425 1592 73

95 1632 96 1635 ’
163 1655 237 1699 oves
258 1654 321 1698 non
344 1632 461 1717 ubique
484 1633 661 1710 tondentur,
686 1632 778 1696 durat
800 1631 991 1714 quibusdam
1014 1631 1047 1694 in
1074 1629 1152 1695 locis
1180 1630 1317 1694 vellendi
1342 1651 1423 1695 mos.

250 1737 323 1804 Non
346 1739 450 1804 solum
472 1759 545 1802 oves
567 1739 738 1802 tondentur
771 1740 827 1803 aut
861 1737 1033 1816 velluntur,
1069 1738 1123 1802 sed
1157 1738 1252 1802 etiam
1282 1736 1426 1820 capellae

163 1844 252 1909 Varr.
278 1867 302 1908 r.
327 1866 350 1909 r.
376 1842 409 1906 II
434 1844 461 1922 1,
479 1843 530 1907 28.
555 1843 587 1908 II
612 1843 727 1921 11,12.

251 1947 400 2015 Loturam
423 1950 530 2013 ovium
553 1948 675 2033 antiqui
696 1953 838 2033 pastores
861 1951 892 2012 et
915 1949 1073 2034 agricolae
1096 1969 1159 2012 non
1175 1948 1358 2014 adhibuisse
1373 1952 1424 2014 vi·

165 2057 278 2121 dentur
301 2055 342 2119 ob
366 2077 434 2119 eam
457 2077 533 2131 rem,
559 2056 642 2138 quod
666 2054 792 2128 οἴσυπος
814 2055 835 2119 i.
861 2076 886 2119 e.
910 2054 984 2119 lana
1007 2055 1115 2120 sucida
1137 2056 1241 2120 ovium
1266 2055 1317 2120 vel
1340 2055 1425 2138 ἔριον

168 2160 335 2243 οἰσυπηρὸν
360 2142 415 2224 vel
433 2157 570 2222 ἄπλυτον
595 2157 645 2223 vel
668 2158 818 2241 ῥυπαρὸν,
842 2158 916 2224 lana
938 2160 1072 2237 sordida,
1097 2161 1134 2224 de
1157 2182 1220 2244 qua
1242 2159 1324 2224 Plin.
1341 2159 1373 2225 h.
1391 2185 1423 2225 n.

163 2265 272 2332 XXIX
288 2268 317 2344 2,
336 2267 377 2332 35
402 2265 492 2332 dicit:
518 2268 594 2351 quin
618 2264 706 2349 ipsae
729 2267 834 2330 sordes
857 2267 1012 2351 pecudum
1036 2268 1192 2351 sudorque
1214 2267 1369 2333 feminum
1392 2273 1424 2332 et

163 2374 284 2439 alarum
320 2373 525 2437 adhaerentes
554 2372 636 2436 lanis
661 2394 878 2456 —oesypum
909 2377 1022 2438 vocant
1045 2412 1088 2421 —
1111 2373 1291 2439 innumeros
1323 2395 1423 2459 prope

164 2502 239 2542 usus
262 2478 389 2556 habent,
413 2477 524 2542 ovibus
549 2483 634 2554 erat3
659 2500 739 2561 quae
763 2482 799 2542 ut
821 2482 1004 2557 servaretur,
1029 2500 1091 2542 non
1115 2478 1310 2543 abluebatur.
1339 2478 1422 2544 Gon-

165 2592 215 2649 tra
238 2584 377 2668 capellae
400 2583 505 2648 lautae
537 2590 610 2648 sunt
633 2583 691 2649 Th.
716 2581 747 2648 V
771 2583 832 2646 146
857 2582 987 2668 (λουσῶ)
1012 2589 1044 2649 et
1065 2585 1105 2649 V.
1129 2583 1177 2648 III
1200 2585 1241 2648 97
1267 2584 1313 2668 (in
1335 2585 1422 2650 fonte

164 2688 302 2773 lavabo).
351 2688 454 2766 Quam
488 2691 527 2755 ad
560 2711 627 2755 rem
661 2690 805 2755 conferas
829 2687 973 2773 thting.
1006 2687 1145 2756 Gelehrt.
1169 2689 1300 2775 Anaeig.
1328 2690 1419 2771 1894,

50 2815 54 2824 ·
165 2796 227 2860 877
252 2817 320 2880 sqq.

252 2900 377 2967 Pacoris
401 2925 472 2969 caro
495 2907 687 2966 memoratur
710 2899 805 2983 κρέας
838 2900 976 2984 capellae
999 2900 1059 2966 Th.
1084 2904 1100 2967 I
1122 2903 1152 2980 6,
1182 2923 1284 2987 agnae
1306 2901 1367 2968 Th.
1391 2902 1420 2968 V

167 3009 245 3084 14ος
270 3006 301 3069 ἐν
324 3009 395 3089 πυρὶ
412 3007 445 3070 δὲ
462 3006 573 3090 δρυΐνῳ
590 3006 682 3089 χόρια
698 3005 761 3084 ζέει
778 3004 871 3091 [Tu]
888 3005 934 3071 IX
953 3007 1001 3070 19.
1029 3005 1136 3089 μήλων
1154 3006 1232 3092 βορά
1247 3005 1323 3074 Eur.
1338 3008 1419 3094 Cycl.

167 3116 246 3191 122;
271 3115 354 3198 apud
378 3115 590 3190 Theocritum,
623 3114 707 3197 quod
729 3135 823 3195 pecus
852 3112 1002 3192 caeditur,
1032 3114 1116 3178 idem
1140 3113 1204 3177 deis
1228 3115 1422 3197 quibuslibet

166 3222 360 3285 sacrificatur
383 3219 442 3284 Th.
467 3217 496 3281 V
521 3222 557 3283 11
584 3217 693 3303 (ἔθυσε
724 3227 790 3293 ταῖς
812 3215 955 3300 Νύμφαις
982 3220 1037 3279 τὰν
1061 3218 1157 3303 αἶγα).
1191 3222 1230 3285 81
1256 3219 1334 3302 (ἐγὼ
1357 3229 1421 3294 ταῖς

166 3324 298 3400 Μοίσαις
321 3325 460 3408 pcepta
484 3324 539 3386 δύο
563 3323 688 3408 ἔθυσα).
726 3324 788 3389 139
812 3324 879 3408 (τάν
903 3322 1016 3406 ἀμνίδα
1038 3323 1140 3400 θύσας
1164 3333 1230 3399 ταῖς
1253 3323 1418 3410 Νύμφαις).

165 3432 203 3499 V.
221 3431 237 3494 I
252 3433 293 3496 33
317 3429 431 3516 (multa
454 3429 603 3513 victima).

253 3536 378 3602 Pecoris
400 3542 528 3614 stercus,
552 3536 636 3620 quod
660 3537 743 3621 apud
767 3537 812 3601 rei
834 3535 969 3601 rusticae
993 3536 1161 3619 scriptores
1193 3535 1324 3603 maximi
1352 3557 1418 3602 mo·

165 3645 263 3709 menti
294 3647 351 3720 est,
386 3641 425 3707 ab
457 3643 507 3706 his
529 3664 621 3726 saepe
644 3643 812 3706 memorari
844 3664 945 3727 neque
968 3664 1118 3727 umquam
1142 3665 1161 3706 a
1183 3644 1283 3726 poetis
1309 3650 1421 3708 natura

165 3751 209 3813 rei
232 3749 303 3814 fert.
351 3747 398 3811 De
422 3749 551 3813 dirersis
574 3746 641 3812 fimi
664 3748 832 3832 generibus
865 3753 896 3812 et
924 3749 1066 3814 bonitate
1093 3753 1169 3813 nota
1192 3747 1260 3813 car.
1289 3749 1340 3814 36.
1369 3750 1419 3814 40.

169 3856 240 3920 151.
265 3854 356 3920 Varr.
374 3876 398 3917 r.
416 3876 440 3917 r.
458 3850 505 3915 III
530 3855 579 3934 16,
599 3855 648 3918 16.
673 3853 732 3933 12,
751 3855 800 3917 21.
826 3852 908 3935 138,
928 3855 977 3918 13.
1003 3851 1239 3919 0011111115.
1263 3852 1374 3933 11114,
1392 3857 1418 3921 1.

168 3959 217 4038 15,
236 3959 264 4023 7.
289 3957 336 4022 111
359 3961 387 4037 3,
407 3958 456 4022 12.
481 3957 558 4022 VIII
581 3959 611 4037 9,
628 3960 657 4022 4.
683 3978 817 4043 geopon.
842 3956 874 4022 II
897 3959 948 4022 21.

253 4062 470 4129 Pastoralibus
493 4063 604 4128 officiis
628 4067 659 4127 et
681 4063 862 4128 muneribus
892 4063 1026 4146 cognitis
1049 4061 1147 4126 vitam
1178 4068 1342 4147 pastorum
1367 4064 1419 4129 do·

167 4170 330 4234 mesticam
353 4172 531 4234 intueamur
553 4171 573 4235 i.
600 4191 624 4234 e.
650 4170 959 4247 domicilium,
983 4169 1211 4245 vestimentum,
1236 4170 1362 4237 victum.

254 4274 349 4359 Apud
361 4275 534 4341 Homerum
556 4275 702 4340 habitant
718 4280 859 4361 pastores
881 4277 915 4340 in
937 4272 1071 4341 stabulis
1087 4274 1230 4357 σταθμός
1246 4273 1282 4340 11.
1299 4273 1332 4340 II
1348 4277 1418 4342 470.

171 4381 198 4445 V
223 4381 294 4445 140.
318 4380 396 4446 XIX
419 4382 491 4445 377.
517 4379 574 4445 Od.
599 4380 676 4448 XIV
699 4381 771 4446 358.
796 4379 875 4447 XVI
897 4381 953 4458 453
977 4377 1058 4462 αὐλή
1082 4377 1140 4444 Od.
1156 4377 1172 4443 Ι
1187 4380 1260 4446 425.
1284 4379 1331 4446 IX
1347 4382 1418 4448 472.

168 4485 245 4553 XIV
262 4486 298 4569 53
322 4485 440 4549 κλισίαν
463 4484 520 4551 0d.
545 4485 655 4553 XXIV
672 4487 754 4562 208;
778 4485 908 4549 &adulor
932 4484 989 4550 Od.
1014 4483 1124 4550 XXIII
1147 4486 1227 4564 358;
