3174 5064
203 1219 305 1283 Varro
320 1240 344 1280 r.
362 1240 385 1280 r.
404 1217 435 1280 ll
453 1219 479 1293 1,
504 1218 524 1280 3
540 1239 608 1301 sqq.
626 1221 690 1281 tres
707 1217 824 1299 gradus
846 1217 1002 1280 humanae
1018 1218 1100 1280 vitae
1123 1223 1277 1296 numerat,
1302 1219 1372 1303 qui·

114 1327 174 1392 bus
198 1325 340 1388 homines
363 1346 382 1386 a
404 1345 528 1386 summa
550 1323 700 1386 memoria
723 1323 882 1406 gradatim
905 1323 944 1386 ad
966 1324 1066 1406 ipsius
1091 1327 1226 1387 aetatem
1243 1324 1370 1388 descen-

116 1433 243 1495 derunt:
268 1434 300 1493 et
322 1450 480 1492 summum
503 1428 613 1491 scribit
636 1428 771 1510 gradum
794 1427 892 1491 fuisse
915 1428 1102 1504 naturalem,
1139 1450 1210 1492 cum
1233 1428 1374 1493 viverent

114 1536 258 1601 homines
282 1556 320 1597 ex
343 1534 381 1596 iis
404 1532 507 1609 rebus,
534 1554 613 1616 quae
635 1532 787 1597 inviolata
809 1532 893 1596 ultro
917 1532 1014 1596 ferret
1036 1538 1129 1610 terra,
1163 1556 1200 1596 ex
1223 1532 1284 1596 hac
1307 1533 1372 1597 vita

114 1640 148 1704 in
171 1639 342 1702 secundam
366 1639 561 1701 descendisse
584 1636 797 1718 pastoricium,
823 1657 839 1698 e
862 1635 938 1698 feris
963 1640 1058 1719 atque
1074 1638 1253 1720 agrestibus
1268 1641 1305 1700 ut
1320 1659 1371 1700 ar·

113 1744 244 1808 boribus
260 1766 296 1806 ac
311 1742 457 1825 virgultis
474 1742 669 1824 decarpenda
686 1741 842 1824 glandem,
868 1742 1026 1816 arbutum,
1051 1763 1148 1818 mora,
1174 1763 1270 1824 poma
1281 1742 1371 1806 colli-

115 1853 227 1931 gerent
249 1848 288 1910 ad
311 1870 413 1920 usum,
445 1848 489 1909 sic
512 1869 550 1909 ex
574 1846 763 1910 animalibus
788 1868 858 1908 cum
882 1850 1013 1928 propter
1037 1847 1167 1910 eandem
1190 1847 1372 1924 utilitatem,

115 1976 196 2036 quae
219 1957 358 2036 possent,
384 1951 541 2014 silvestria
564 1952 792 2033 deprenderent
816 1974 853 2014 ac
876 1951 1098 2016 concluderent
1121 1957 1153 2015 et
1171 1974 1371 2016 mansuesce·

113 2062 193 2134 rent,
217 2057 251 2120 in
275 2057 344 2140 quis
368 2057 505 2139 primum
528 2077 591 2118 non
607 2056 674 2118 sine
691 2075 785 2119 eausa
800 2060 915 2138 putant
931 2078 1004 2119 oves
1021 2056 1206 2139 adsumptos
1226 2061 1258 2120 et
1273 2078 1370 2139 prop·
1496 2057 1499 2060 ’

114 2167 163 2224 ter
192 2162 366 2225 utilitatem
399 2166 431 2223 et
461 2165 593 2243 propter
624 2159 858 2244 placiditatem3
893 2161 1028 2225 maxime
1062 2161 1145 2224 enim
1175 2162 1235 2223 hae
1258 2166 1373 2225 natura

115 2267 240 2351 quietae
264 2272 295 2330 et
319 2266 501 2348 aptissimae
525 2265 684 2331 advitam
707 2266 886 2341 hominum;
921 2267 959 2328 ad
983 2267 1088 2330 cibum
1121 2266 1203 2329 enim
1235 2266 1317 2329 lactc
1341 2271 1372 2330 et

114 2393 239 2436 caseum
263 2356 454 2447 adhibitum.
480 2371 519 2434 ad
542 2391 655 2453 corpus
678 2369 826 2433 vestitum
850 2374 881 2433 et
904 2369 1003 2452 pelles
1027 2369 1217 2433 adtulerunt.
1265 2369 1371 2436 Tertio

114 2478 249 2561 denique
272 2478 373 2558 gradu
400 2500 418 2539 a
450 2476 517 2538 vita
553 2475 707 2558 pastorali
740 2475 779 2538 ad
810 2475 1037 2558 agriculturam
1069 2476 1303 2553 descenderunt,
1339 2475 1372 2540 in

114 2605 177 2665 qua
200 2603 238 2645 ex
262 2582 384 2645 duobus
407 2578 558 2662 gradibus
581 2579 796 2662 superioribus
820 2580 1017 2644 retinuerunt
1040 2580 1150 2657 multa,
1176 2585 1207 2644 et
1231 2603 1292 2664 quo
1316 2581 1371 2642 de·

113 2687 308 2761 scanderent,
332 2686 377 2748 ibi
400 2688 621 2767 processerunt
643 2684 746 2764 longe,
772 2685 847 2747 dum
871 2685 909 2747 ad
933 2707 991 2748 nos
1015 2687 1202 2768 perveniret.

201 2790 440 2874 Antiquissimis
464 2789 590 2872 quidem
614 2787 819 2872 temporibus,
852 2789 966 2870 quibus
998 2794 1084 2853 terra
1109 2791 1249 2853 nondum
1273 2791 1372 2855 divisa

113 2901 145 2959 at
169 2918 245 2978 ager
267 2917 402 2978 pascuus
425 2894 646 2958 interminatus
670 2893 814 2976 liberque
838 2897 914 2971 erat,
948 2894 1092 2958 homines
1126 2893 1242 2977 ubique
1268 2898 1370 2957 terra-

112 3023 182 3064 rum
206 3002 290 3064 bona
313 3022 352 3063 ex
375 3000 527 3083 gregibus
551 3021 676 3062 mensos
699 3021 766 3063 esse
789 3004 1033 3063 consentaneum
1057 3003 1121 3062 est:
1152 3000 1209 3062 bos
1232 2999 1369 3076 maioris

113 3111 149 3169 ut
171 3106 217 3169 ita
240 3107 351 3180 dicam,
376 3109 469 3168 notae
492 3127 639 3167 nummus
663 3105 846 3180 ducebatur,
870 3105 936 3167 ovis
959 3104 1098 3167 minoris.

200 3210 269 3273 Hoc
303 3215 436 3292 apparet
460 3230 504 3271 verr
526 3209 597 3290 ipso
620 3208 769 3285 Homero,
804 3209 859 3273 ubi
890 3209 1028 3291 pretium
1059 3231 1098 3273 ex
1120 3209 1224 3272 bubus
1249 3209 1370 3275 ducitur

113 3314 149 3378 ll.
168 3312 185 3396 β
202 3315 275 3377 449.
293 3312 311 3389 ζ
328 3315 399 3377 236.
417 3333 439 3393 φ
457 3314 507 3378 79.
525 3311 633 3392 droa.
652 3314 724 3377 705.
743 3313 854 3396 Odyss.
872 3334 892 3373 α
908 3313 969 3377 431
984 3337 990 3388 ;
1015 3314 1091 3377 item
1108 3311 1191 3376 Plut.
1210 3312 1303 3378 Thes
1318 3314 1368 3379 25.

113 3419 175 3485 dic.
201 3422 239 3484 de
261 3419 383 3503 republ.
408 3419 514 3496 1135,
546 3420 600 3483 ubi
624 3420 742 3484 multae
764 3421 797 3484 in
820 3441 933 3503 pecore
956 3421 1141 3496 consistunt,
1175 3420 1257 3484 Plin.
1283 3444 1313 3486 n.
1338 3421 1368 3483 h.

113 3526 223 3593 XVIII
246 3528 275 3589 3.
298 3526 397 3588 Tacit.
415 3525 517 3589 Germ.
539 3526 596 3599 12;
620 3530 697 3589 nota
721 3526 815 3588 etiam
840 3526 936 3589 verba
959 3547 998 3588 ex
1020 3547 1132 3607 pecore
1158 3526 1298 3589 derivata
1313 3548 1369 3608 pe-

112 3630 214 3706 cunia,
237 3630 406 3712 peculium,
430 3630 613 3712 peculatus3
637 3651 711 3692 nam
733 3630 835 3692 omnis
851 3630 1003 3712 pecuniae
1018 3652 1115 3712 pecus
1131 3631 1370 3696 fundamentum

112 3735 214 3798 Varro
237 3756 261 3796 r.
285 3758 309 3797 r.
332 3733 365 3797 ll
390 3735 472 3810 1‚12.
505 3731 567 3797 Cic.
593 3734 631 3797 de
654 3755 718 3815 rep.
743 3731 776 3796 Π
798 3733 827 3796 9.
862 3733 963 3797 Varro
978 3734 1000 3797 l.
1017 3734 1142 3813 ivre
1167 3756 1263 3817 pecus
1286 3759 1370 3798 -a

112 3861 175 3923 quo
199 3840 334 3922 pecunia
356 3839 512 3912 universa,
544 3839 628 3921 quod
651 3838 683 3903 in
707 3859 818 3920 pecore
841 3839 976 3921 pecunia
1002 3843 1070 3902 tum
1095 3841 1287 3903 consistebat
1310 3852 1368 3922 pa·

112 3943 269 4019 storibus3
297 3942 377 4007 Plin.
396 3967 425 4006 n.
444 3944 475 4006 h.
492 3941 689 4014 XV1113,11
715 3944 850 4026 pecunia
872 3944 942 4025 ipsa
965 3965 1112 4026 apecore
1136 3943 1366 4026 appellabatur.

200 4047 398 4130 Quamquam
411 4048 482 4130 ipsa
495 4069 619 4130 quoque
635 4047 830 4128 agricultura
844 4047 991 4111 laudibus
1008 4049 1137 4111 effertur
1154 4048 1245 4125 (Xen.
1259 4071 1366 4112 oecon.

112 4151 150 4216 V.
168 4151 223 4216 VI.
241 4151 300 4215 XV
317 4152 345 4214 4.
364 4151 462 4215 Arist.
476 4151 539 4234 pol.
557 4151 704 4215 1319220.
733 4149 860 4214 1337b9.
889 4150 1014 4215 marl.
1043 4153 1135 4216 1258.
1155 4151 1298 4235 Alciphr.
1317 4152 1332 4217 I
1348 4155 1367 4217 3

110 4257 177 4320 init.
203 4263 234 4321 et
258 4257 309 4320 fin.
326 4256 357 4320 Π
377 4258 423 4320 ll.
444 4258 492 4320 13.
512 4259 564 4332 21,
577 4258 606 4319 3.
632 4255 678 4321 ΠΙ
694 4257 777 4332 34,1.
804 4256 917 4321 Aelian
935 4279 983 4338 ep.
997 4260 1074 4318 rust.
1095 4257 1199 4320 1320.
1226 4256 1366 4338 Thucyd.

111 4361 142 4426 ll
159 4363 208 4426 14.
232 4362 334 4425 Varro
358 4385 380 4425 r.
398 4384 422 4424 r.
440 4362 499 4437 12,
529 4363 577 4425 16.
603 4361 635 4424 ll
653 4362 753 4443 praef.
774 4364 800 4425 l.
827 4361 892 4426 Col.
909 4361 925 4423 l
942 4365 969 4425 1.
996 4360 1092 4443 Verg.
1117 4381 1224 4444 georg.
1242 4359 1363 4425 11460.

111 4466 203 4530 Mart.
217 4466 317 4551 ele
329 4466 379 4543 64,
396 4469 422 4529 1.
436 4466 497 4530 Cic.
512 4487 570 4549 pro
584 4466 673 4530 Rosc.
695 4467 742 4541 18,
758 4466 813 4541 503
824 4466 968 4548 inprimis
982 4462 1363 4542 Plin.n.h.XV1[[3‚11.

1142 4571 1159 4632 1
