3174 5064
768 215 985 278 ..74-

245 395 276 453 et
298 390 449 453 memoria
478 390 604 452 futurae
633 389 797 452 felicitatis
823 390 1021 473 voluptatem
1053 389 1182 472 capiunt
1206 385 1307 472 (Calp.
1332 385 1421 451 137.
1448 388 1496 451 54.

243 493 289 556 IV
312 494 364 557 30.
391 494 462 555 112.
490 493 561 555 132.
585 491 682 576 Verg.
708 494 764 556 ecl.
790 491 862 575 IV);
887 498 1028 557 attamen
1053 493 1204 576 frigidum
1227 498 1258 555 et
1281 493 1421 556 ieiunum
1444 492 1498 556 ali-

244 600 319 682 quid
343 620 451 662 eorum
476 598 667 661 carminibus
684 599 774 675 inest,
801 600 948 681 quoniam
964 599 1063 661 virtus
1086 603 1117 662 61
1131 599 1248 662 veritas
1271 599 1316 661 rei
1338 598 1498 662 bucolicae

244 708 422 766 evanuerat.
469 702 580 784 ltaque
604 703 702 784 opilio
725 705 876 766 mundam
899 703 1013 767 faciem
1039 705 1075 767 de
1099 725 1132 766 se
1158 704 1320 786 praedicat
1344 701 1445 786 (Calp.
1469 703 1500 766 Π

243 807 308 889 84),
334 809 408 871 iem
432 807 615 871 adulescens
639 807 742 871 Alcon
764 807 855 872 Nem.
880 807 911 871 Il
936 810 985 885 70,
1017 809 1050 872 id
1078 809 1161 891 quod
1193 809 1344 892 simplicis
1375 830 1499 892 quoque

244 916 339 976 animi
363 918 419 976 est.
466 913 666 976 Praestantia
689 913 824 976 hominis
847 915 961 977 urbani
983 915 1055 977 iude
1079 919 1211 997 apparet
1235 915 1382 990 maxime,
1417 915 1500 996 quod

244 1021 280 1082 de
305 1040 410 1083 amore
433 1019 558 1100 agitur;
582 1019 634 1081 hic
658 1018 743 1081 solus
768 1019 826 1081 scit
849 1041 889 1081 ex
912 1024 979 1083 arte
1003 1019 1112 1083 oscula
1134 1018 1221 1083 dare:
1252 1021 1359 1102 itaque
1390 1024 1500 1101 pastor

243 1124 391 1207 apuella
413 1124 535 1186 urbana
567 1124 701 1206 superbe
738 1123 891 1200 illuditur,
927 1125 1010 1205 quod
1042 1121 1198 1202 ἀγροίκως
1223 1120 1304 1204 φιλεῖ
1327 1121 1415 1206 [Tul
1439 1122 1499 1186 XX

244 1227 272 1289 6.
297 1229 333 1298 9;
359 1248 457 1309 aeque
480 1227 573 1309 probi
596 1228 723 1290 iuvenes
746 1228 856 1291 rustici
879 1251 897 1290 a
920 1228 1037 1310 puellis
1062 1228 1203 1292 delicatis
1234 1229 1406 1291 irridentur
1428 1227 1498 1290 Ael.

242 1354 290 1415 ep.
317 1334 345 1395 7.
371 1334 399 1395 8.
425 1332 453 1394 9.
481 1332 529 1394 11.
557 1331 613 1405 12;
641 1333 681 1396 ob
704 1332 782 1395 vilia
808 1332 890 1395 dona
913 1331 1058 1414 Corydon
1082 1335 1121 1397 ab
1146 1337 1251 1397 amato
1274 1332 1370 1396 Alexi
1392 1355 1426 1396 se
1449 1332 1498 1394 fa·

242 1431 383 1500 stiditum
408 1439 505 1500 sentit
526 1437 564 1501 V.
590 1434 622 1498 ll
647 1439 686 1501 56
710 1437 845 1500 rusticus
869 1459 911 1512 es,
937 1434 1081 1520 Corydon
1105 1473 1144 1481 -
1169 1439 1219 1500 his
1241 1439 1346 1501 verbis
1375 1459 1409 1500 se
1431 1438 1499 1520 ipse

242 1548 369 1605 accusat
392 1543 588 1605 rusticitatis.
636 1542 704 1618 Quo
726 1543 772 1616 fit,
798 1547 833 1604 ut
856 1542 992 1605 Romani
1017 1542 1189 1625 elegiarum
1213 1544 1383 1626 scriptores
1406 1564 1497 1606 voca-

241 1646 317 1709 bula
343 1647 517 1721 „rusticus“
543 1653 574 1709 et
592 1647 747 1722 „rustica“
768 1647 851 1726 apud
868 1668 920 1709 eos
937 1646 1116 1723 adhibeant,
1142 1649 1196 1729 qui
1212 1669 1317 1710 amare
1333 1647 1495 1721 nesciunt;

241 1751 349 1833 itaque
383 1750 522 1833 flagrans
557 1751 708 1824 rivalitas
745 1750 870 1833 qualem
905 1752 989 1834 apud
1017 1749 1105 1834 Calp.
1129 1750 1177 1814 111
1198 1752 1249 1814 28.
1277 1752 1317 1814 29
1352 1751 1495 1834 legimus

241 1856 350 1919 rustici
386 1855 520 1918 hominis
555 1861 616 1933 est;
651 1857 846 1920 econtrario
878 1853 1023 1935 ἀγροικία
1047 1856 1132 1939 apud
1153 1856 1252 1938 Long.
1277 1856 1292 1919 I
1318 1858 1366 1919 13.
1391 1856 1423 1919 II
1449 1858 1496 1919 11.

240 1959 289 2023 lll
315 1961 353 2023 18
377 1965 508 2024 venusta
532 1962 718 2025 verecundia
741 1966 789 2024 est
813 1961 990 2043 Daphnidis
1014 1965 1045 2024 et
1068 1959 1189 2024 Chloes‘.

329 2065 390 2129 Dio
416 2064 659 2148 Chrysostomus
690 2088 734 2129 or.
760 2065 823 2128 VII
846 2072 878 2129 et
900 2065 1049 2148 Synesius
1079 2088 1128 2149 ep.
1161 2067 1223 2129 148
1254 2071 1436 2130 venatorem
1467 2071 1496 2129 et

240 2175 401 2253 pastorem
435 2170 607 2254 imaginem
642 2171 820 2235 absolutam
854 2171 1029 2254 incorrupti
1066 2175 1097 2234 et
1130 2172 1247 2255 integri
1281 2152 1496 2255 simplicisque

240 2276 375 2339 hominis
399 2276 508 2339 rustici
530 2276 680 2339 videmus

328 2379 371 2443 Et
393 2381 574 2463 pastoribus
597 2383 720 2444 rusticis
744 2378 946 2460 σωφροσύνην
971 2382 1078 2444 deesse
1101 2404 1139 2444 ex
1162 2380 1366 2464 Alciphronis
1391 2404 1442 2465 ep.
1465 2381 1495 2444 ll

240 2485 328 2560 21,3
355 2489 496 2566 apparet,
534 2485 682 2548 adversus
717 2508 811 2568 quam
842 2485 1003 2566 caprarius
1036 2485 1216 2548 luxuriosus
1240 2508 1258 2547 a
1282 2486 1407 2549 domino
1440 2507 1495 2549 suo

239 2589 446 2652 reverentiam
469 2589 620 2653 adhibere.
641 2591 777 2654 docetur.

328 2693 576 2776 Obstupefactus
598 2697 733 2758 rusticus
757 2695 901 2778 Corydon
933 2716 1065 2776 magnas
1099 2694 1186 2758 urbis
1211 2693 1329 2758 Romae
1359 2716 1436 2778 opes
1465 2700 1495 2758 et

239 2799 392 2861 miracula
414 2798 668 2880 spectaculorum
692 2800 871 2874 admiratur,
907 2799 962 2881 qui
996 2798 1098 2861 adhuc
1128 2799 1250 2861 nescius
1278 2799 1346 2861 auri
1370 2799 1496 2862 sordida

238 2907 332 2978 tecta,
367 2925 455 2965 casas
487 2907 518 2964 et
548 2902 615 2964 sola
646 2903 784 2987 mapalia
814 2906 942 2967 noverat
966 2900 1054 2983 Calp.
1078 2899 1141 2964 Vll
1163 2902 1205 2964 40
1222 2925 1291 2985 sqq.
1324 2902 1386 2965 Hic
1408 2903 1494 2965 locus

239 3008 412 3070 communis
435 3006 552 3089 legitur
576 3007 671 3069 etiam
695 3009 778 3090 apud
801 3007 840 3070 V.
858 3007 913 3070 ecl.
939 3006 954 3069 I
973 3008 1010 3069 19
1028 3026 1095 3088 sqq.
1114 3012 1145 3069 et
1161 3007 1270 3070 Horat.
1289 3011 1347 3070 sat.
1366 3006 1492 3082 11,12.

238 3112 323 3175 Ante
340 3110 627 3175 Alexandrinorum
649 3112 749 3195 igitur
765 3117 901 3175 aetatem
916 3117 1070 3193 pastores
1095 3116 1131 3174 ut
1146 3113 1265 3187 rustici,
1289 3113 1379 3195 parvi
1399 3113 1493 3176 aesti-

238 3216 316 3278 mati
340 3221 422 3292 sunt,
448 3238 519 3279 cum
542 3237 580 3278 ex
602 3215 666 3278 illis
690 3216 885 3298 temporibus
909 3217 1082 3298 imaginem
1104 3217 1358 3298 incorruptorum
1371 3220 1403 3279 et
1419 3216 1494 3280 sim·

237 3320 368 3402 plicium
391 3321 554 3383 hominum
578 3321 752 3403 agrestium
774 3321 915 3384 reddant.
961 3321 1088 3385 Poesim
1110 3340 1184 3384 vero
1215 3320 1391 3384 bucolicum
1419 3342 1492 3384 con·

237 3424 368 3487 trariam
398 3447 465 3488 esse
493 3425 662 3488 verisimile
694 3431 742 3488 est
769 3447 867 3489 novae
891 3426 1018 3490 Atticae
1042 3426 1229 3503 comoediae,
1264 3425 1352 3488 cuius
1382 3430 1493 3508 politae

239 3529 338 3609 (velut
360 3527 545 3611 Menander)
569 3552 619 3592 res
642 3531 776 3592 rusticas
798 3529 894 3611 plane
918 3530 1104 3612 despiciunt.

325 3633 728 3698 Nuncmeutemnostram
751 3634 1081 3717 adpastorum,
1107 3635 1183 3716 qui
1206 3634 1401 3716 apoetis
1424 3636 1491 3698 bu·

238 3739 406 3802 colicis
430 3738 768 3820 depinguntur,
794 3740 935 3801 vitam
959 3744 1001 3802 et
1024 3760 1170 3802 mores
1194 3738 1403 3801 advertamus

324 3843 372 3906 Ac
403 3842 527 3926 quidem
552 3842 712 3906 Theocriti
740 3847 892 3926 pastores,
923 3849 960 3906 ut
990 3843 1150 3906 ordiamur
1178 3865 1197 3904 a
1220 3843 1312 3905 rebus
1345 3843 1490 3919 extemis

236 3969 295 4032 pro
317 3948 504 4011 vestimento
526 3947 665 4030 pellibus
689 3952 837 4026 utuntur3
871 3949 967 4010 etiam
989 3949 1022 4011 in
1044 3944 1182 4031 pellibus
1216 3947 1366 4010 recubare
1390 3947 1492 4011 solent

237 4057 268 4116 et
301 4052 393 4115 huius
427 4053 520 4116 strati
554 4051 785 4115 mollitudinem
817 4074 1010 4137 magnopere
1043 4053 1164 4115 iactant
1188 4051 1259 4132 (Th.
1284 4050 1314 4114 V
1342 4053 1393 4115 50.
1420 4050 1490 4134 51);

236 4155 398 4240 Vergilius
420 4180 578 4240 nusquam
600 4158 637 4220 de
660 4163 825 4239 pastorum
846 4158 1034 4221 vestimento
1056 4157 1206 4240 loquitur.

323 4260 450 4325 Victum
473 4267 638 4346 pastorum
661 4262 688 4324 si
712 4268 899 4345 spectamus,
933 4284 986 4325 rus
1015 4263 1120 4345 ipsum
1148 4282 1325 4344 gregesque
1354 4261 1492 4325 maxima

237 4373 387 4448 exparte
411 4369 633 4450 suppeditavit,
659 4372 695 4430 ut
718 4369 776 4444 lac.
801 4390 936 4446 caseum,
961 4390 1094 4432 carnem.
1126 4367 1235 4430 Etiam
1249 4366 1352 4444 melle,
1377 4367 1488 4450 pomis,

236 4471 384 4563 oleribus,
410 4495 500 4554 pane,
524 4473 596 4536 vino
619 4478 762 4554 pastores
786 4473 949 4554 utriusque
973 4473 1089 4536 victum
1115 4476 1279 4555 quaerunt.
